2808 4866
274 626 489 705 condendum.
533 635 684 722 Eamque
706 635 747 701 ob
772 656 925 702 caussam
947 635 1178 706 molestiorem
1204 639 1265 706 soi

275 756 400 820 certam
438 757 679 837 anteposuisse
716 758 805 818 niam
836 753 1052 819 commodiori
1082 753 1264 841 fallacique

273 865 484 955 nequaquam
506 888 569 933 nos
587 873 749 952 poenitet.
793 865 915 947 Sed'in
940 869 1007 934 fine
1029 874 1156 934 viarum
1179 871 1266 938 diiii·

273 967 387 1071 cilium
411 989 702 1070 contortorumque
720 983 800 1069 boni
829 992 883 1049 est
903 984 1058 1076 lectoris,
1081 1005 1100 1064 e
1125 985 1264 1072 fastigio

274 1121 417 1166 ascenso
442 1099 550 1176 denuo
571 1103 746 1184 respicere
771 1099 958 1165 incursum
983 1077 1125 1166 moleste
1148 1123 1264 1186 perac-

272 1224 355 1282 tum.
390 1215 445 1280 'ld
479 1235 577 1302 quum
613 1219 646 1278 ln
676 1213 848 1301 plerisque
876 1213 916 1278 ad
949 1214 1066 1279 bonam
1101 1215 1263 1282 lectorum

272 1351 407 1400 suorum
430 1312 637 1396 voluntatem
659 1328 802 1414 rejicere
824 1323 946 1396 dibeat
966 1335 1125 1416 scriptor,
1153 1341 1263 1399 tomen

272 1447 422 1513 adhunc
447 1454 483 1511 et
514 1444 606 1509 illum
634 1444 782 1511 locorum
815 1453 1030 1511 tractatorum
1053 1453 1184 1533 etipse
1207 1448 1262 1515 de·
1295 1533 1299 1542 ι

272 1562 403 1630 sitierat
428 1561 551 1626 redire.
610 1559 717 1626 Quam
752 1561 793 1626 ob
828 1583 982 1626 caussam
1003 1567 1133 1627 veniam
1169 1563 1263 1630 duint

269 1678 437 1759 lectores,
474 1681 505 1742 si
543 1674 585 1740 ad
613 1675 723 1742 locum
755 1675 1105 1744 difficillimum.bivii
1133 1679 1180 1762 (l,
1202 1683 1260 1760 43)

149 1873 153 1880 ¹
179 1779 182 1788 ¹
269 1793 375 1860 denuo
399 1813 459 1858 eos
479 1790 646 1858 reducam.

298 2023 311 2034 -·
351 1989 441 2056 Livii
462 1990 572 2055 locum
594 1987 764 2055 laudatum
789 1985 820 2058 sl
852 2008 925 2054 cium
958 1979 1072 2057 tabula
1090 1983 1206 2056 notra
1226 1981 1260 2058 ll
1387 2059 1391 2070 ,

271 2105 423 2189 confers,
455 2104 557 2171 facile
584 2109 756 2186 invenies,
789 2111 1006 2200 septuaginta
1035 2107 1114 2173 illa-s
1149 2116 1262 2172 centu·

145 2251 148 2256 ·
268 2225 350 2302 rias,
373 2220 414 2286 de
438 2220 558 2308 quibus
581 2216 730 2305 loquitur
745 2219 877 2300 Livius,
901 2241 920 2284 a
941 2229 1147 2288 caeterorum
1174 2221 1261 2288 clas·

268 2342 355 2404 aium
378 2341 537 2402 centuriis
559 2335 645 2401 baud
662 2335 814 2401 obscuris
838 2333 972 2402 differre
995 2338 1137 2404 indiciis.
1171 2337 1260 2404 Nam

269 2460 478 2518 caeterarum
514 2451 674 2518 classium
705 2457 887 2518 centuriae·
911 2474 1011 2538 quum
1042 2475 1061 2519 e
1091 2459 1259 2521 variarum

267 2568 413 2635 tribuum
433 2566 615 2633 tribulibus
632 2569 763 2634 'essent
783 2574 1009 2658 compositae,
1042 2575 1260 2656 septuaginta

267 2688 400 2770 primae,
427 2681 552 2749 classis
586 2687 757 2747 centuriae
790 2683 935 2768 singulis
972 2684 1124 2750 tribubus
1162 2693 1259 2751 crant

267 2798 433 2884 inclusae,
455 2804 503 2864 itu
523 2806 560 2863 nt
576 2796 674 2862 binas
696 2801 836 2885 qu'aevis
854 2793 960 2864 tribus
976 2805 1161 2866 contineret
1181 2819 1259 2866 cen·

237 2957 239 2962 -
266 2919 393 2997 turias,
416 2914 557 3010 alterum
581 2917 761 2995 seniorum,
784 2907 923 2977 alteram
942 2912 1123 2997 juniorum.
1160 2914 1257 2984 Unde

265 3035 399 3115 evenit,
434 3036 472 3094 ut
494 3034 524 3094 si
546 3034 620 3115 quis
643 3049 671 3094 e·
694 3049 725 3115 g.
748 3028 919 3116 Veturiam
945 3028 1115 3113 juniorum
1137 3031 1253 3116 adpel-

266 3143 375 3228 larct,
413 3127 529 3210 omnes
567 3149 712 3225 scirent,
753 3123 936 3213 centuriam
969 3151 1096 3232 primae
1132 3145 1257 3212 classis

266 3256 423 3351 intelligi.
474 3259 562 3326 Nam
590 3259 699 3325 tribus
718 3258 856 3325 Veturia
884 3267 1069 3327 acacianis
1096 3268 1258 3348 separata

263 3395 362 3440 unam
382 3381 509 3442 tuntum
532 3373 694 3440 continuit
721 3363 902 3439 centuriam
929 3373 1112 3458 juniorum.
1156 3379 1255 3445 (luae

264 3511 365 3578 quum
385 3489 426 3558 ad
448 3495 587 3578 primam
610 3495 794 3579 pertineret
816 3479 959 3554 classem
971 3489 1015 3572 ⁹⁰)
1029 3538 1053 3574 ,‚
1076 3515 1171 3560 nemo
1195 3487 1254 3559 du·

294 3792 343 3856 90)
360 3789 482 3848 Amicum
502 3768 651 3867 mandam,
671 3792 719 3867 qui
739 3792 884 3849 sententias
904 3810 966 3850 suas
985 3795 1018 3851 (le
1036 3791 1131 3851 libello
1150 3805 1249 3852 nostro

365 3895 556 3971 benignissimo
586 3899 728 3956 nobiscum
761 3896 983 3969 communicavit,¹
1014 3903 1050 3958 ad
1074 3917 1106 3955 ea
1133 3901 1253 3956 remitti·

260 4021 262 4030 ·
364 4019 439 4070 mua,
463 4022 533 4077 quse
552 4004 585 4061 (le
605 4007 724 4079 quinquo
743 4004 870 4058 classium
896 3995 1028 4064 dirlsiooe
1056 4024 1111 4064 noa
1136 4005 1249 4064 sublata

362 4111 533 4180 exposuimus
551 4109 580 4164 in
599 4111 789 4170 ffissertatioue
809 4122 913 4168 nostra.
