2808 4866
205 629 245 703 ln
266 638 362 722 parte
384 629 510 698 alteret
887 701 892 709 ,

417 749 586 834 Reliquae
606 753 777 816 centuriae
796 765 850 812 :·
863 755 922 816 iot
967 813 993 824 ,,

425 866 588 952 aquibus
610 864 774 956 decedent
862 871 868 888 ⁸
896 873 916 931 9

768 989 850 1046 rest.
865 976 924 1046 95.
980 968 982 971 ⁵

207 1175 257 1252 Ac
284 1183 401 1270 piures
435 1173 568 1280 quidem
599 1187 679 1247 snut
710 1184 881 1246 centuriae
916 1185 958 1245 98
976 1140 1117 1275 lprirnne

118 1307 250 1372 classis
275 1320 371 1388 quum
400 1305 440 1366 95
460 1285 664 1385 reliquarum
692 1287 869 1378 classium,
903 1295 963 1362 sed
994 1298 1117 1362 nihilo·

116 1428 233 1488 minus
259 1423 301 1480 iis
324 1415 453 1497 verbis,
484 1437 568 1501 quae
589 1415 753 1500 legimus,
781 1419 831 1479 uti
855 1412 973 1477 Cicero
993 1435 1118 1499 nequa·
1207 1471 1209 1474 .

119 1557 222 1624 quem
248 1536 369 1618 potuit.
417 1531 537 1618 Neque
565 1537 652 1596 enim
675 1530 787 1596 dicere
810 1534 937 1617 potnitt
979 1533 1118 1611 „quibos

117 1675 233 1713 novem
266 1652 380 1709 solat
402 1653 431 1708 εἰ
459 1652 688 1712 accerserunt“.
747 1645 899 1732 Namque
934 1661 1000 1712 iton
1030 1667 1117 1733 opus

118 1774 199 1833 eret
221 1789 338 1826 nocem
356 1771 517 1828 centuriis
539 1755 798 1845 accedentibus,
837 1760 900 1827 sed
931 1777 998 1822 octo
1030 1768 1116 1826 colae

117 1882 285 1956 accedere
307 1880 513 1962 debuerunt,
546 1887 583 1944 nt
603 1877 710 1962 major
740 1883 794 1942 vis
827 1890 921 1942 esset
942 1883 975 1942 in
1008 1886 1117 1962 prim'n

12 2015 13 2020 ’
116 2001 244 2066 cl'asse.
288 1997 406 2083 lisque
429 1995 602 2061 tnnnbenc
624 2001 810 2081 congruunt
840 2000 950 2060 omnia
981 2001 1013 2060 in
1047 1995 1116 2063 lec·

113 2121 211 2181 tione
235 2111 363 2176 codicis
385 2118 512 2196 nostri,
543 2119 600 2195 ut,
630 2115 660 2176 si
685 2110 740 2178 vel
768 2133 868 2175 unum
891 2132 1028 2178 movens
1049 2112 1116 2178 cal·

115 2231 250 2313 culum,
274 2233 383 2294 omnia
404 2235 590 2313 pervertas·
630 2226 742 2313 Atque
762 2227 848 2320 hpec
869 2226 1035 2294 mirabilis
1057 2250 1131 2294 ιιι·-

7 2373 9 2412 s
113 2367 288 2414 merorum
312 2349 596 2429 conspiratione,
618 2344 659 2407 ab
684 2365 748 2408 uun
772 2343 904 2430 quidem
928 2343 1114 2430 eodemque

7 2529 8 2550 p
115 2461 337 2531 emendatore
366 2459 570 2546 profluxisse
614 2459 744 2524 ridetur
771 2459 968 2526 Niebuhrio.
1006 2461 1115 2550 vNnm

113 2576 356 2645 LXXXVliii.
380 2581 451 2658 „ist
478 2575 584 2640 dohec
603 2575 822 2660 eutstanden‚
859 2575 943 2642 dees
974 2581 1028 2652 ein
1050 2577 1114 2643 Le·
1206 2607 1209 2614 ¹

113 2715 178 2761 sen
213 2691 412 2776 eben‚jene
453 2691 545 2758 viil.
578 2697 638 2757 mit
670 2691 732 2762 den
766 2689 923 2765 LXXXI.
961 2699 1114 2760 summirt

112 2806 246 2876 hatte“.
289 2806 356 2871 Sed
384 2809 505 2894 reliqui
529 2787 661 2873 numeri
679 2813 842 2894 originem
874 2808 998 2873 ducunt
1019 2827 1038 2874 e
1060 2825 1113 2876 ca·

112 2931 191 3011 pite
216 2921 439 2988 emendatoris
465 2923 639 3007 cujusdam
663 2945 803 3010 prorsus
833 2929 943 2988 inscii.
985 2923 1034 2995 Ac
1063 2930 1113 2992 ni·

112 3015 300 3107 hilorniuos
330 3046 540 3104 correctores
569 3031 623 3118 'rili
654 3015 742 3105 aiter
781 3034 921 3104 ulterius
947 3045 1109 3108 rationem

113 3154 243 3251 nullutn
276 3155 442 3220 habentes
464 3161 581 3219 mirum
614 3161 713 3220 istum
746 3160 780 3220 in
801 3143 946 3220 modurn
974 3153 1117 3222 concon

114 3272 209 3336 dant.
247 3269 442 3356 'Dirigehut
471 3271 605 3336 scilieet
638 3273 828 3337 sceleratos
851 3271 931 3336 iilos
952 3272 1111 3338 codicum

113 3393 332 3472 corruptores
354 3393 407 3453 vis
442 3387 604 3474 quaedem
626 3383 810 3474 geniorum'
831 3391 1041 3474 superiorum
1065 3393 1109 3454 si·

111 3502 207 3568 milis
231 3507 281 3578 ei,
312 3524 376 3587 qun
405 3501 620 3591 septuaginta
642 3509 766 3570 veteris
790 3508 985 3568 testamenti
1008 3507 1108 3570 inter·

111 3626 232 3706 pectes
255 3623 302 3682 ite
325 3634 404 3683 esse
426 3619 650 3706 gubernatus,
677 3618 869 3685 fabulantur
888 3616 1030 3702 dodaci,
1069 3627 1108 3686 nt

113 3739 267 3820 quamvis
306 3739 481 3822 segregati
518 3743 652 3819 essent,
690 3741 804 3800 tamen
837 3733 970 3800 iisdem'
990 3757 1108 3803 omnes

110 3857 290 3917 uterentur
333 3849 506 3916 vocabulis
549 3856 583 3916 in
627 3849 965 3938 interpretationibus
1019 3857 1105 3918 suis.
1163 3897 1167 3910 ·

113 3964 186 4030 Sed
224 3968 397 4030 mittamus
434 3964 587 4033 facetias.
648 3967 803 4055 Namque
837 3972 871 4032 in
911 3973 1105 4035 memoriam

109 4079 467 4168 reducent'lectores
504 4092 563 4166 ee,
611 4094 715 4171 quae·
743 4087 778 4148 in
825 4085 998 4170 prooemio
1036 4075 1104 4150 dis·
