2808 4866
260 439 264 448 Ι
348 428 352 438 n

85 567 88 576 n
220 559 223 568 *
269 555 271 562 ,
304 553 306 560 Ι

275 672 331 736 vix
348 663 543 734 credideris.
583 661 652 734 Sed
673 663 730 732 ubi
753 667 836 731 certi
856 663 1038 754 loquuntur
1063 673 1190 756 testes,
1219 673 1266 738 si·

275 783 370 852 leant
389 781 584 870 probabilia.
625 781 825 848 Praeclarus
847 787 933 848 anim
957 782 998 850 de
1020 790 1166 852 comitiis
1188 808 1267 854 cen·
1303 817 1306 828 ¹

275 905 412 967 turiatis
433 903 656 986 posteriorum
684 905 870 985 temporum
900 898 995 965 locus
1027 905 1060 966 in
1090 901 1265 971 Ciceronis

258 1015 478 1103 »Philippicis
501 1021 614 1081 exstat
642 1013 702 1097 (ll,
724 1021 774 1080 32.
791 1016 863 1094 33).
907 1013 1005 1100 Hunc
1024 1016 1143 1096 locum,
1166 1039 1266 1106 quum

275 1130 365 1198 haud
388 1137 436 1196 lta
459 1128 571 1196 lacilis
593 1129 690 1196 uobis
712 1128 886 1213 videatur,
908 1138 1013 1198 totum
1036 1133 1285 1203 exhibebimus·

156 1305 158 1312 ,
275 1245 545 1316 adnotationibus
567 1252 692 1312 nostris
717 1250 924 1312 instructum.

359 1367 423 1428 Cic.
446 1365 536 1427 Pati.
558 1366 609 1439 II,
630 1369 680 1429 32.

360 1461 499 1544 Caesari
515 1499 557 1544 ex
571 1475 736 1566 Hispania
755 1475 909 1545 redeunti
923 1479 969 1562 ³³)
990 1476 1118 1544 nbilam
1138 1475 1267 1564 longia·

234 1683 246 1688 -
277 1599 364 1663 eim'e
387 1571 589 1681 processisti
599 1594 656 1673 ³⁴).
686 1573 845 1682 celeriter
869 1599 944 1677 isti,
969 1593 1102 1700 redisti,
1130 1601 1167 1660 nt
1187 1617 1268 1684 cog-

209 1795 215 1808 Ι
276 1717 436 1777 nosceret
454 1715 520 1776 etsi
541 1715 649 1776 minus
664 1708 798 1792 fortem,
817 1717 963 1775 attamen
978 1707 1158 1775 strenuum.
1182 1710 1268 1777 Fac·

142 1893 145 1898 ,
207 1841 211 1850 “
258 1831 333 1910 'tus
356 1846 395 1891 cs
418 1831 603 1908 cirursus,
628 1831 744 1891 nascio
767 1825 948 1914 quomodo,
971 1823 1160 1892 familiaria.
1197 1825 1268 1893 lla·

276 1940 380 2007 bcbat
406 1941 471 2006 lrcc
498 1947 630 2006 omnino
659 1941 804 2026 Caesar,
847 1963 942 2028 quem
973 1940 1071 2028 plane
1100 1940 1268 2028 perditum

278 2077 358 2122 aare
381 2055 492 2122 alieno
515 2064 753 2144 egentemque,
780 2061 811 2123 si
837 2057 976 2125 eundem
999 2078 1138 2144 nequam
1162 2059 1268 2124 bomi-

276 2163 352 2240 nem
375 2171 598 2260 audacemque
626 2179 803 2258 cognorat,
834 2174 921 2240 bunc
949 2179 981 2238 ln
1003 2171 1267 2242 familiaritatem

277 2285 500 2355 libentissime
522 2289 715 2376 recipiebat.
739 2287 822 2354 ¹llis
846 2293 946 2374 igitur
966 2289 1068 2356 rebus
1089 2290 1266 2376 praeclare
1397 2271 1398 2330 l

156 2479 160 2486 ,
279 2404 548 2490 commendatus,
572 2411 685 2470 iussus
708 2425 747 2471 es
769 2410 954 2471 renuntiari
975 2405 1113 2489 consul,
1141 2414 1175 2472 ct
1193 2411 1267 2494 qui.

278 2518 352 2585 dem
377 2541 448 2586 enm
468 2525 555 2605 ipsc.
592 2519 688 2586 Nlbil
710 2541 831 2607 queror
853 2519 1097 2606 cholabella,
1117 2527 1172 2616 qui
1195 2531 1267 2590 tum

278 2643 333 2720 cst
354 2635 529 2722 impulsus,
552 2635 720 2721 inductus,
743 2635 925 2712 elaeusa).
949 2635 1024 2704 Dua
1038 2642 1070 2702 in
1086 2659 1122 2702 re
1142 2647 1266 2724 quanto
1396 2713 1397 2746 ,

276 2749 381 2818 fuerit
411 2755 587 2840 utriusque
617 2757 764 2817 vestrano
799 2751 941 2837 perfidia
972 2757 1004 2818 in
1034 2752 1264 2840 Dolabellam,
1396 2749 1397 2771 ²

277 2871 354 2954 quis
376 2867 533 2954 ignorat?
571 2865 635 2962 lllc
659 2865 805 2950 induxit,
826 2874 863 2932 ut
884 2867 1033 2954 peiere'et:¹
1063 2874 1265 2954 promissum
1394 2913 1396 2924 »

88 3069 93 3076 .
195 2999 197 3004 ’
277 2988 513 3069 ct÷receptum
547 2965 753 3067 intervertit,
790 2977 832 3049 ad
867 3004 972 3070 seque
1001 2986 1189 3052 transtulit:
1226 2993 1265 3054 tu

276 3094 353 3183 ejus
387 3097 549 3186 perfidiae
576 3097 784 3168 voluntatem
816 3105 907 3165 tuam
934 3100 1158 3190 adscripsisti·
1198 3101 1266 3171 Ve-

279 3282 578 3300 mun-

310 3399 359 3472 ³³)
378 3398 446 3456 Post
474 3387 595 3458 devictos
621 3368 696 3477 'apud
719 3383 847 3458 Mundam
871 3401 922 3459 Cn.
942 3399 1066 3478 Pompeii
1089 3401 1163 3462 filine
1189 3420 1263 3468 anna

383 3518 445 3562 aute
464 3507 514 3564 Cb.
534 3527 561 3568 n.
579 3510 625 3569 45.

308 3609 357 3680 ab)
377 3608 407 3664 ln
425 3613 571 3669 Antonium
591 3611 684 3688 dirigit
699 3612 853 3669 arationem
871 3631 947 3670 anam
964 3613 1073 3676 Cicero.

310 3719 360 3786 35)
378 3715 481 3774 (laeter
505 3693 696 3788 Dolabellam,
719 3720 797 3790 cujus
821 3720 990 3778 auxiliaco.
1010 3733 1038 3778 et
1056 3721 1164 3778 Sextum
1182 3721 1262 3804 Porp-

380 3824 460 3898 pejoa
478 3826 506 3880 in
523 3823 656 3898 Hispania
678 3823 829 3894 devicerat,
852 3825 1010 3912 indurarat,
1036 3840 1067 3883 nt
1090 3829 1260 3885 consulatum

335 3923 338 3927 ’
380 3942 496 4004 peteret.
532 3929 636 3996 Deinde
655 3941 766 4000 uatem,
780 3949 862 4006 quum
881 3932 1024 4007 instigante
1040 3933 1159 3990 Antonio
1178 3934 1213 3990 ad
1231 3953 1260 3992 ae
1392 3907 1393 3950 Ξ

380 4033 470 4110 ipsam
488 4035 684 4094 nauatulimt
700 4036 870 4093 consulatum
894 4037 1081 4117 collegamque
1099 4039 1154 4097 eibi
1171 4039 1260 4097 adaci-

381 4141 466 4200 viaaet
482 4143 646 4214 Antonium,
662 4141 837 4202 Dolabellam
854 4143 944 4218 clunia.
