2808 4866
17 635 19 760 i
98 681 233 731 versum
269 661 330 726 ibi
358 657 483 720 tanum
504 653 689 722 'centurias
746 653 888 735 quatuor
922 647 1089 726 classibus

17 845 18 890 i

17 893 19 938 i

17 959 19 1056 i

101 773 349 866 posterioribus
378 765 671 854 'reliquasiuiese
699 785 719 830 o
749 765 912 830 Cicerone
938 772 1025 852 (rep.
1046 767 1092 852 11,

101 901 158 969 22)
181 912 242 985 pro
261 893 431 972 comperto
451 883 646 964 babeamus,
671 879 840 977 conjuncti
864 885 930 946 sint
953 902 1094 948 necesse

101 1016 156 1074 est
185 1003 420 1070 nonnullarum
450 999 593 1066 tribuum
624 1002 734 1078 circs,
775 996 896 1082 quibus
926 996 1093 1075 secundae
1141 1052 1144 1054 ,

99 1124 222 1189 classis
245 1139 367 1184 census
390 1124 496 1197 esset,
520 1115 586 1179 sub·
605 1133 670 1177 una
691 1118 849 1188 centoria.
892 1112 988 1178 Quod
1013 1089 1121 1199 quo-¹
1176 1103 1178 1110 ’

17 1225 18 1310 J
100 1237 199 1306 modo
233 1223 543 1325 effectumlsit,''e,
576 1227 723 1295 secunda
751 1227 936 1292 tabularum
967 1237 1105 1296 nostru.¹

101 1353 173 1421 rubr
210 1345 410 1436 cognosces.
465 1345 509 1412 Et
542 1341 672 1432 quidem
709 1343 853 1409 tribuum
893 1349 1098 1410 scriemex

16 1491 18 1546 ς
103 1469 243 1535 arbitrio
270 1471 382 1528 nostr‘o
409 1453 652 1542 constituimus.
683 1457 759 1523 ssua
781 1457 821 1522 de
847 1479 883 1524 re
907 1479 1003 1546 quum
1026 1453 1098 1526 n'ul·¹

16 1657 17 1666 χ
101 1579 169 1652 Ῐιιιιι
190 1591 337 1649 aetatem
357 1546 474 1644 inierit
486 1581 681 1664 scriptorum
697 1583 844 1640 veterum
859 1571 1098 1658 testimoninm,¹

100 1701 243 1768 liberum
266 1705 321 1761 est
346 1679 517 1786 judicium.
558 1691 595 1758 ld
621 1690 738 1756 'solutu
773 1689 913 1754 consilio
942 1690 1096 1775 fecimus,

16 1889 17 1894 γ
99 1826 137 1882 ut
156 1811 302 1940 q'uatub'r
323 1811 430 1877 tribus
452 1807 598 1874 urbanas
620 1815 697 1894 post
718 1811 864 1870 rusticas
881 1827 1096 1894 poneremus,

103 1909 208 2018 cujus
227 1931 282 1992 rei
311 1931 473 2009 rationem
503 1922 646 2008 postbac
671 1919 861 1986 reddemus.
903 1921 975 1987 Hoc
1005 1932 1104 1989 certe¹

102 2068 121 2114 e
148 2021 268 2142 tabdia
288 2024 404 2106 nostra
436 2044 543 2128 primo
576 2036 693 2101 obtutu
727 2059 931 2122 cognosces,
970 2043 1095 2124 optime

103 2155 263 2245 conjungi
288 2139 447 2248 potuisse
465 2153 608 2218 tribuum
634 2160 669 2218 et
692 2158 914 2218 centuriarum
943 2154 1096 2222 distribu-

101 2284 240 2344 tionem.
291 2271 342 2336 Ad
375 2281 543 2358 numerum
577 2277 689 2333 autern
721 2273 965 2362 centuriarum,
1000 2291 1098 2356 quem

15 2439 16 2442 ,
104 2391 216 2458 cuivis
244 2373 350 2454 classi
369 2386 566 2494 tribuimus,
592 2372 678 2470 quod
709 2387 848 2465 attinet,
878 2389 908 2449 si
939 2383 1016 2470 quid
1039 2407 1097 2450 no·

102 2512 189 2573 visti
211 2509 336 2570 rectius
366 2473 443 2566 istis
466 2508 530 2566 eto.
575 2497 735 2585 Equidem
767 2506 805 2565 ut
834 2499 978 2586 aliquam
1005 2509 1097 2566 certe

103 2627 179 2688 reri
204 2623 351 2704 speciem
378 2635 600 2700 assequerer,
628 2615 713 2680 bano
740 2613 845 2679 iere
835 2619 894 2680 mii
923 2620 1098 2682 rationem.

106 2737 237 2802 Omnes
268 2738 439 2799 centuriae
465 2730 629 2815 peditum,—
665 2739 807 2817 excepta
838 2730 951 2794 edesse
979 2735 1098 2815 prima,

104 2871 278 2918 numerum
315 2847 495 2958 explebant
523 2853 580 2910 lm
612 2850 700 2930 (rep.
729 2845 781 2928 ll,
807 2847 886 2929 ως
918 2845 1038 2932 quibus
1067 2849 1099 2910 si

107 2964 263 3032 detrahis
280 2968 425 3048 quinque
440 2963 651 3050 cornicinum,
674 2958 848 3043 liticinum,
869 2980 1097 3043 accensorum,

107 3083 307 3161 velaturum,
327 3077 578 3163 proletariorum
596 3081 765 3153 centurias
778 3097 939 3162 unamque
959 3081 1018 3151 „ni
1028 3050 1111 3156 quic
1157 3099 1160 3108 ·

108 3197 239 3271 scivtt“,
256 3193 406 3278 reliquae
418 3179 495 3255 suut
510 3199 652 3276 quatuor
667 3191 834 3256 classibus
849 3191 1098 3275 posterioribus
1166 3192 1170 3198 ’

111 3316 285 3388 centuriae
307 3316 356 3375 98.
388 3305 495 3371 (inem
520 3325 690 3370 numerum
711 3311 742 3371 si
760 3305 894 3371 coniers
916 3327 988 3371 cum
1013 3306 1099 3371 cias·
1141 3349 1142 3354 κ
1181 3339 1183 3343 ·
1237 3305 1242 3313 ’

112 3429 210 3496 sibus
230 3425 422 3504 Servianis,
436 3429 512 3486 octo
534 3425 705 3486 centurias
727 3420 873 3508 peditum
897 3431 1098 3486 armatorum

111 3544 246 3610 additas
284 3559 363 3606 esse
398 3540 539 3626 quatuor
575 3535 741 3601 classibus
780 3538 1023 3620 posterioribus
1057 3557 1100 3603 cx

112 3679 201 3724 novo
232 3660 453 3721 centuriarum
480 3650 596 3718 ordine
623 3656 786 3717 invenies.
831 3650 901 3717 Has
931 3657 1099 3744 centurias
1168 3680 1171 3686 ·

114 3763 312 3841 'verisimilia
328 3775 438 3838 secuti
458 3773 506 3835 ita
527 3765 769 3856 distribuimus,
790 3773 828 3834 ut
849 3767 1034 3836 continente
