<?xml version="1.0" encoding="UTF-8"?>
<!DOCTYPE html PUBLIC "-//W3C//DTD XHTML 1.0 Transitional//EN"
    "http://www.w3.org/TR/xhtml1/DTD/xhtml1-transitional.dtd">
<html xmlns="http://www.w3.org/1999/xhtml" xml:lang="en" lang="en">
 <head>
  <title>
</title>
<meta http-equiv="Content-Type" content="text/html;charset=utf-8" />
  <meta name='ocr-system' content='tesseract 3.04.00' />
  <meta name='ocr-capabilities' content='ocr_page ocr_carea ocr_par ocr_line ocrx_word'/>
</head>
<body>
  <div class='ocr_page' id='page_1' title='image "./deserviitulliic00raumgoog_0069.png"; bbox 0 0 2808 4866; ppageno 0'>
   <div class='ocr_carea' id='block_1_1' title="bbox 238 575 1396 820">
    <p class='ocr_par' dir='ltr' id='par_1_1' title="bbox 238 575 1396 820">
     <span class='ocr_line' id='line_1_1' title="bbox 238 575 1396 722; baseline -0.009 -35"><span class='ocrx_word' id='word_1_1' title='bbox 238 633 241 648; x_wconf 91' lang='grc'>·</span> <span class='ocrx_word' id='word_1_2' title='bbox 280 636 410 706; x_wconf 85' lang='lat' dir='ltr'>quoque</span> <span class='ocrx_word' id='word_1_3' title='bbox 430 619 560 712; x_wconf 86' lang='lat' dir='ltr'>recepti</span> <span class='ocrx_word' id='word_1_4' title='bbox 587 623 708 685; x_wconf 79' lang='lat' dir='ltr'><strong>essent</strong></span> <span class='ocrx_word' id='word_1_5' title='bbox 738 622 770 684; x_wconf 91' lang='lat' dir='ltr'>in</span> <span class='ocrx_word' id='word_1_6' title='bbox 792 615 918 701; x_wconf 85' lang='lat' dir='ltr'>tribus,</span> <span class='ocrx_word' id='word_1_7' title='bbox 950 607 1064 685; x_wconf 88' lang='lat' dir='ltr'>eorum</span> <span class='ocrx_word' id='word_1_8' title='bbox 1100 613 1294 722; x_wconf 43' lang='lat' dir='ltr'>‘centurius‘</span> <span class='ocrx_word' id='word_1_9' title='bbox 1395 575 1396 630; x_wconf 72' lang='lat'>3</span> 
     </span>
     <span class='ocr_line' id='line_1_2' title="bbox 277 732 1269 820; baseline -0.011 -20"><span class='ocrx_word' id='word_1_10' title='bbox 277 734 422 800; x_wconf 90' lang='lat' dir='ltr'>tribuum</span> <span class='ocrx_word' id='word_1_11' title='bbox 445 732 568 799; x_wconf 89' lang='lat' dir='ltr'>finibus</span> <span class='ocrx_word' id='word_1_12' title='bbox 591 738 862 818; x_wconf 83' lang='lat' dir='ltr'>circumscriptas</span> <span class='ocrx_word' id='word_1_13' title='bbox 884 734 1011 820; x_wconf 86' lang='lat' dir='ltr'>fuisse,</span> <span class='ocrx_word' id='word_1_14' title='bbox 1041 733 1141 802; x_wconf 86' lang='lat' dir='ltr'>facile</span> <span class='ocrx_word' id='word_1_15' title='bbox 1164 739 1269 804; x_wconf 64' lang='lat' dir='ltr'>credi.</span> 
     </span>
    </p>
   </div>
   <div class='ocr_carea' id='block_1_2' title="bbox 153 849 1396 1051">
    <p class='ocr_par' dir='ltr' id='par_1_2' title="bbox 153 849 1396 1051">
     <span class='ocr_line' id='line_1_3' title="bbox 279 849 1396 937; baseline 0.004 -23"><span class='ocrx_word' id='word_1_16' title='bbox 279 849 389 930; x_wconf 82' lang='lat' dir='ltr'>deris,</span> <span class='ocrx_word' id='word_1_17' title='bbox 414 853 462 913; x_wconf 84' lang='lat' dir='ltr'>ita</span> <span class='ocrx_word' id='word_1_18' title='bbox 482 855 519 912; x_wconf 92' lang='grc'>00</span> <span class='ocrx_word' id='word_1_19' title='bbox 553 869 583 913; x_wconf 85' lang='grc'>0.</span> <span class='ocrx_word' id='word_1_20' title='bbox 605 871 639 936; x_wconf 78' lang='lat' dir='ltr'>g.</span> <span class='ocrx_word' id='word_1_21' title='bbox 658 871 773 915; x_wconf 87' lang='lat' dir='ltr'>omues</span> <span class='ocrx_word' id='word_1_22' title='bbox 795 854 945 936; x_wconf 86' lang='lat' dir='ltr'>patricii,</span> <span class='ocrx_word' id='word_1_23' title='bbox 972 855 1027 937; x_wconf 86' lang='lat' dir='ltr'>qui</span> <span class='ocrx_word' id='word_1_24' title='bbox 1058 855 1091 918; x_wconf 93' lang='lat' dir='ltr'>iu</span> <span class='ocrx_word' id='word_1_25' title='bbox 1114 850 1268 936; x_wconf 82' lang='lat' dir='ltr'>Aemilio,</span> <span class='ocrx_word' id='word_1_26' title='bbox 1395 921 1396 932; x_wconf 19' lang='lat' dir='ltr'>p</span> 
     </span>
     <span class='ocr_line' id='line_1_4' title="bbox 153 963 1263 1051; baseline 0.003 -21"><span class='ocrx_word' id='word_1_27' title='bbox 153 1001 160 1030; x_wconf 67' lang='lat' dir='ltr'>i</span> <span class='ocrx_word' id='word_1_28' title='bbox 278 964 429 1044; x_wconf 80' lang='lat' dir='ltr'>Camilia,</span> <span class='ocrx_word' id='word_1_29' title='bbox 454 963 617 1047; x_wconf 83' lang='lat' dir='ltr'>(liuentia,</span> <span class='ocrx_word' id='word_1_30' title='bbox 643 965 811 1049; x_wconf 82' lang='lat' dir='ltr'>Gorrreliu,</span> <span class='ocrx_word' id='word_1_31' title='bbox 835 963 937 1032; x_wconf 81' lang='lat' dir='ltr'>Fabia</span> <span class='ocrx_word' id='word_1_32' title='bbox 960 970 1112 1051; x_wconf 70' lang='lat' dir='ltr'><strong>Inscripti</strong></span> <span class='ocrx_word' id='word_1_33' title='bbox 1135 976 1263 1051; x_wconf 83' lang='lat' dir='ltr'>esseut,</span> 
     </span>
    </p>
   </div>
   <div class='ocr_carea' id='block_1_3' title="bbox 275 1081 1268 1286">
    <p class='ocr_par' dir='ltr' id='par_1_3' title="bbox 275 1081 1268 1286">
     <span class='ocr_line' id='line_1_5' title="bbox 275 1081 1268 1178; baseline 0.004 -32"><span class='ocrx_word' id='word_1_34' title='bbox 275 1081 570 1178; x_wconf 39' lang='lat' dir='ltr'>unam&#39;eflicereut</span> <span class='ocrx_word' id='word_1_35' title='bbox 602 1087 803 1168; x_wconf 76' lang='lat' dir='ltr'>centuriam3</span> <span class='ocrx_word' id='word_1_36' title='bbox 833 1087 889 1169; x_wconf 90' lang='lat' dir='ltr'>qui</span> <span class='ocrx_word' id='word_1_37' title='bbox 924 1087 956 1148; x_wconf 89' lang='lat' dir='ltr'>in</span> <span class='ocrx_word' id='word_1_38' title='bbox 985 1081 1138 1164; x_wconf 85' lang='lat' dir='ltr'>Galeria,</span> <span class='ocrx_word' id='word_1_39' title='bbox 1164 1082 1268 1150; x_wconf 85' lang='lat' dir='ltr'>Hora·</span> 
     </span>
     <span class='ocr_line' id='line_1_6' title="bbox 275 1194 1174 1286; baseline 0.002 -24"><span class='ocrx_word' id='word_1_40' title='bbox 275 1201 337 1280; x_wconf 88' lang='lat' dir='ltr'>tia,</span> <span class='ocrx_word' id='word_1_41' title='bbox 362 1196 529 1278; x_wconf 77' lang='lat' dir='ltr'><strong>Lemonia,</strong></span> <span class='ocrx_word' id='word_1_42' title='bbox 552 1194 721 1282; x_wconf 85' lang='lat' dir='ltr'>Menenia,</span> <span class='ocrx_word' id='word_1_43' title='bbox 747 1197 884 1286; x_wconf 87' lang='lat' dir='ltr'>Papiria</span> <span class='ocrx_word' id='word_1_44' title='bbox 905 1197 1084 1264; x_wconf 88' lang='lat' dir='ltr'>secundam</span> <span class='ocrx_word' id='word_1_45' title='bbox 1109 1206 1174 1264; x_wconf 88' lang='lat' dir='ltr'>etc.</span> 
     </span>
    </p>
   </div>
   <div class='ocr_carea' id='block_1_4' title="bbox 275 1311 1396 1520">
    <p class='ocr_par' dir='ltr' id='par_1_4' title="bbox 275 1311 1396 1520">
     <span class='ocr_line' id='line_1_7' title="bbox 356 1311 1396 1416; baseline 0.005 -38"><span class='ocrx_word' id='word_1_46' title='bbox 356 1319 520 1378; x_wconf 83' lang='grc'><strong>00-111,</strong></span> <span class='ocrx_word' id='word_1_47' title='bbox 563 1311 644 1378; x_wconf 85' lang='lat' dir='ltr'>Tum</span> <span class='ocrx_word' id='word_1_48' title='bbox 667 1313 817 1384; x_wconf 84' lang='lat' dir='ltr'>secunde</span> <span class='ocrx_word' id='word_1_49' title='bbox 846 1313 987 1396; x_wconf 78' lang='lat' dir='ltr'>classis,</span> <span class='ocrx_word' id='word_1_50' title='bbox 1022 1333 1119 1400; x_wconf 86' lang='lat' dir='ltr'>quam</span> <span class='ocrx_word' id='word_1_51' title='bbox 1148 1334 1268 1416; x_wconf 81' lang='lat' dir='ltr'>seeun-</span> <span class='ocrx_word' id='word_1_52' title='bbox 1327 1348 1331 1362; x_wconf 56' lang='grc' dir='ltr'><em>ν</em></span> <span class='ocrx_word' id='word_1_53' title='bbox 1395 1321 1396 1404; x_wconf 71' lang='lat' dir='ltr'>J</span> 
     </span>
     <span class='ocr_line' id='line_1_8' title="bbox 275 1418 1396 1520; baseline 0.006 -28"><span class='ocrx_word' id='word_1_54' title='bbox 275 1427 351 1492; x_wconf 82' lang='lat' dir='ltr'>dum</span> <span class='ocrx_word' id='word_1_55' title='bbox 373 1427 481 1492; x_wconf 90' lang='lat' dir='ltr'>tribus</span> <span class='ocrx_word' id='word_1_56' title='bbox 504 1418 610 1509; x_wconf 81' lang='lat' dir='ltr'>foisse</span> <span class='ocrx_word' id='word_1_57' title='bbox 635 1423 797 1513; x_wconf 81' lang='lat' dir='ltr'>divisum,</span> <span class='ocrx_word' id='word_1_58' title='bbox 830 1449 933 1515; x_wconf 86' lang='lat' dir='ltr'>supra</span> <span class='ocrx_word' id='word_1_59' title='bbox 955 1428 1270 1498; x_wconf 79' lang='lat' dir='ltr'>demonstravimus·‘</span> <span class='ocrx_word' id='word_1_60' title='bbox 1395 1499 1396 1520; x_wconf 17' lang='grc' dir='ltr'>ζ</span> 
     </span>
    </p>
   </div>
   <div class='ocr_carea' id='block_1_5' title="bbox 246 1523 1265 1637">
    <p class='ocr_par' dir='ltr' id='par_1_5' title="bbox 246 1523 1265 1637">
     <span class='ocr_line' id='line_1_9' title="bbox 246 1523 1265 1637; baseline 0.002 -28"><span class='ocrx_word' id='word_1_61' title='bbox 246 1523 507 1609; x_wconf 69' lang='grc'><strong>’0000000000</strong></span> <span class='ocrx_word' id='word_1_62' title='bbox 528 1565 559 1608; x_wconf 86' lang='lat' dir='ltr'>v.</span> <span class='ocrx_word' id='word_1_63' title='bbox 583 1565 611 1608; x_wconf 84' lang='lat' dir='ltr'>c.</span> <span class='ocrx_word' id='word_1_64' title='bbox 633 1566 767 1628; x_wconf 89' lang='lat' dir='ltr'>omnes,</span> <span class='ocrx_word' id='word_1_65' title='bbox 800 1550 908 1637; x_wconf 89' lang='lat' dir='ltr'>quiin</span> <span class='ocrx_word' id='word_1_66' title='bbox 931 1543 1085 1612; x_wconf 83' lang='lat' dir='ltr'>tribubus</span> <span class='ocrx_word' id='word_1_67' title='bbox 1109 1544 1265 1630; x_wconf 83' lang='lat' dir='ltr'>Aemilia,</span> 
     </span>
    </p>
   </div>
   <div class='ocr_carea' id='block_1_6' title="bbox 255 1639 1396 1870">
    <p class='ocr_par' dir='ltr' id='par_1_6' title="bbox 255 1639 1396 1870">
     <span class='ocr_line' id='line_1_10' title="bbox 276 1639 1396 1749; baseline 0.004 -24"><span class='ocrx_word' id='word_1_68' title='bbox 276 1659 427 1741; x_wconf 80' lang='lat' dir='ltr'>Camilia,</span> <span class='ocrx_word' id='word_1_69' title='bbox 442 1659 593 1728; x_wconf 87' lang='lat' dir='ltr'>Cluentia</span> <span class='ocrx_word' id='word_1_70' title='bbox 607 1659 684 1749; x_wconf 85' lang='lat' dir='ltr'>plus</span> <span class='ocrx_word' id='word_1_71' title='bbox 704 1639 812 1728; x_wconf 74' lang='grc'><strong>75000</strong></span> <span class='ocrx_word' id='word_1_72' title='bbox 835 1659 1000 1744; x_wconf 73' lang='lat' dir='ltr'>acaricus</span> <span class='ocrx_word' id='word_1_73' title='bbox 1025 1667 1082 1730; x_wconf 93' lang='grc'>100</span> <span class='ocrx_word' id='word_1_74' title='bbox 1095 1668 1154 1726; x_wconf 95' lang='grc'>000</span> <span class='ocrx_word' id='word_1_75' title='bbox 1176 1666 1265 1728; x_wconf 88' lang='lat' dir='ltr'>aeris</span> <span class='ocrx_word' id='word_1_76' title='bbox 1395 1665 1396 1706; x_wconf 67' lang='lat' dir='ltr'>l</span> 
     </span>
     <span class='ocr_line' id='line_1_11' title="bbox 255 1775 1396 1870; baseline 0.006 -30"><span class='ocrx_word' id='word_1_77' title='bbox 255 1775 490 1863; x_wconf 81' lang='lat' dir='ltr'>&#39;possiderent</span> <span class='ocrx_word' id='word_1_78' title='bbox 514 1795 700 1868; x_wconf 81' lang='lat' dir='ltr'>annuumque</span> <span class='ocrx_word' id='word_1_79' title='bbox 723 1780 953 1846; x_wconf 74' lang='lat' dir='ltr'>excessissent</span> <span class='ocrx_word' id='word_1_80' title='bbox 975 1775 1265 1870; x_wconf 75' lang='lat' dir='ltr'>quadragesimum</span> <span class='ocrx_word' id='word_1_81' title='bbox 1395 1781 1396 1810; x_wconf 73' lang='lat'>³</span> 
     </span>
    </p>
   </div>
   <div class='ocr_carea' id='block_1_7' title="bbox 142 1892 1388 1989">
    <p class='ocr_par' dir='ltr' id='par_1_7' title="bbox 142 1892 1388 1989">
     <span class='ocr_line' id='line_1_12' title="bbox 142 1892 1388 1989; baseline 0.002 -32"><span class='ocrx_word' id='word_1_82' title='bbox 142 1951 150 1970; x_wconf 81' lang='grc'><strong>,</strong></span> <span class='ocrx_word' id='word_1_83' title='bbox 217 1893 220 1900; x_wconf 86' lang='grc'><strong>’</strong></span> <span class='ocrx_word' id='word_1_84' title='bbox 273 1897 568 1985; x_wconf 34' lang='lat' dir='ltr'>quintnmpnnam</span> <span class='ocrx_word' id='word_1_85' title='bbox 601 1896 780 1964; x_wconf 83' lang='lat' dir='ltr'>centuriam</span> <span class='ocrx_word' id='word_1_86' title='bbox 809 1895 996 1976; x_wconf 79' lang='lat' dir='ltr'>seniorum3</span> <span class='ocrx_word' id='word_1_87' title='bbox 1033 1896 1090 1977; x_wconf 85' lang='lat' dir='ltr'>qui</span> <span class='ocrx_word' id='word_1_88' title='bbox 1126 1892 1284 1960; x_wconf 78' lang='lat' dir='ltr'>easdem·</span> <span class='ocrx_word' id='word_1_89' title='bbox 1386 1980 1388 1989; x_wconf 33' lang='grc' dir='ltr'>Ι</span> 
     </span>
    </p>
   </div>
   <div class='ocr_carea' id='block_1_8' title="bbox 179 1993 1265 2440">
    <p class='ocr_par' dir='ltr' id='par_1_8' title="bbox 179 1993 1265 2440">
     <span class='ocr_line' id='line_1_13' title="bbox 273 1993 1264 2095; baseline -0.001 -22"><span class='ocrx_word' id='word_1_90' title='bbox 273 2029 357 2095; x_wconf 85' lang='lat' dir='ltr'>opes</span> <span class='ocrx_word' id='word_1_91' title='bbox 380 1993 412 2072; x_wconf 85' lang='lat' dir='ltr'>iu</span> <span class='ocrx_word' id='word_1_92' title='bbox 436 2027 571 2076; x_wconf 86' lang='lat' dir='ltr'>censum</span> <span class='ocrx_word' id='word_1_93' title='bbox 594 2005 785 2089; x_wconf 85' lang='lat' dir='ltr'>deferentes</span> <span class='ocrx_word' id='word_1_94' title='bbox 814 2007 900 2088; x_wconf 80' lang='lat' dir='ltr'>iniru</span> <span class='ocrx_word' id='word_1_95' title='bbox 933 2028 1050 2072; x_wconf 89' lang='lat' dir='ltr'>annum</span> <span class='ocrx_word' id='word_1_96' title='bbox 1074 2015 1112 2072; x_wconf 78' lang='lat'>45</span> <span class='ocrx_word' id='word_1_97' title='bbox 1135 2016 1264 2092; x_wconf 82' lang='lat' dir='ltr'>esseut,</span> 
     </span>
     <span class='ocr_line' id='line_1_14' title="bbox 274 2121 1264 2208; baseline 0.001 -20"><span class='ocrx_word' id='word_1_98' title='bbox 274 2131 310 2204; x_wconf 87' lang='lat' dir='ltr'>et</span> <span class='ocrx_word' id='word_1_99' title='bbox 332 2128 399 2208; x_wconf 91' lang='lat' dir='ltr'>ipsi</span> <span class='ocrx_word' id='word_1_100' title='bbox 421 2143 520 2188; x_wconf 85' lang='lat' dir='ltr'>unam</span> <span class='ocrx_word' id='word_1_101' title='bbox 537 2127 718 2192; x_wconf 85' lang='lat' dir='ltr'>centuriam</span> <span class='ocrx_word' id='word_1_102' title='bbox 734 2122 925 2194; x_wconf 85' lang='lat' dir='ltr'>efficiebant</span> <span class='ocrx_word' id='word_1_103' title='bbox 932 2121 1113 2207; x_wconf 88' lang='lat' dir='ltr'>juniorum.</span> <span class='ocrx_word' id='word_1_104' title='bbox 1137 2122 1264 2193; x_wconf 83' lang='lat' dir='ltr'>Eodem</span> 
     </span>
     <span class='ocr_line' id='line_1_15' title="bbox 278 2237 1263 2330; baseline 0 -24"><span class='ocrx_word' id='word_1_105' title='bbox 278 2238 375 2306; x_wconf 88' lang='lat' dir='ltr'>modo</span> <span class='ocrx_word' id='word_1_106' title='bbox 403 2242 503 2304; x_wconf 84' lang='lat' dir='ltr'>tertia</span> <span class='ocrx_word' id='word_1_107' title='bbox 533 2244 567 2302; x_wconf 90' lang='lat' dir='ltr'>et</span> <span class='ocrx_word' id='word_1_108' title='bbox 596 2245 715 2330; x_wconf 83' lang='lat' dir='ltr'>quarta</span> <span class='ocrx_word' id='word_1_109' title='bbox 750 2243 903 2313; x_wconf 78' lang='lat' dir='ltr'>centuria</span> <span class='ocrx_word' id='word_1_110' title='bbox 934 2237 1101 2318; x_wconf 83' lang='lat' dir='ltr'>secundae</span> <span class='ocrx_word' id='word_1_111' title='bbox 1140 2238 1263 2306; x_wconf 88' lang='lat' dir='ltr'>elassis</span> 
     </span>
     <span class='ocr_line' id='line_1_16' title="bbox 179 2351 1265 2440; baseline 0 -20"><span class='ocrx_word' id='word_1_112' title='bbox 179 2382 183 2394; x_wconf 93' lang='lat'><em>·</em></span> <span class='ocrx_word' id='word_1_113' title='bbox 275 2357 559 2440; x_wconf 87' lang='lat' dir='ltr'>compositaerat</span> <span class='ocrx_word' id='word_1_114' title='bbox 581 2352 766 2426; x_wconf 75' lang='lat' dir='ltr'>retribuum</span> <span class='ocrx_word' id='word_1_115' title='bbox 789 2352 986 2434; x_wconf 85' lang='lat' dir='ltr'>Corneliae,</span> <span class='ocrx_word' id='word_1_116' title='bbox 1014 2351 1172 2435; x_wconf 77' lang='lat' dir='ltr'>Fuluiae,</span> <span class='ocrx_word' id='word_1_117' title='bbox 1198 2354 1265 2420; x_wconf 84' lang='lat' dir='ltr'>Ge·</span> 
     </span>
    </p>
   </div>
   <div class='ocr_carea' id='block_1_9' title="bbox 236 2447 1261 2904">
    <p class='ocr_par' dir='ltr' id='par_1_9' title="bbox 236 2447 1261 2796">
     <span class='ocr_line' id='line_1_17' title="bbox 270 2447 1261 2566; baseline -0.001 -29"><span class='ocrx_word' id='word_1_118' title='bbox 270 2471 377 2542; x_wconf 87' lang='lat' dir='ltr'>leriae</span> <span class='ocrx_word' id='word_1_119' title='bbox 405 2467 534 2534; x_wconf 87' lang='lat' dir='ltr'>civibus</span> <span class='ocrx_word' id='word_1_120' title='bbox 562 2476 623 2549; x_wconf 84' lang='grc'><strong>000.</strong></span> <span class='ocrx_word' id='word_1_121' title='bbox 675 2468 861 2566; x_wconf 79' lang='lat' dir='ltr'>‚Postremo</span> <span class='ocrx_word' id='word_1_122' title='bbox 893 2478 1005 2536; x_wconf 88' lang='lat' dir='ltr'>autem</span> <span class='ocrx_word' id='word_1_123' title='bbox 1036 2469 1100 2534; x_wconf 87' lang='lat' dir='ltr'>hac</span> <span class='ocrx_word' id='word_1_124' title='bbox 1129 2447 1261 2556; x_wconf 77' lang='lat' dir='ltr'>quoque</span> 
     </span>
     <span class='ocr_line' id='line_1_18' title="bbox 272 2582 1261 2680; baseline -0.004 -28"><span class='ocrx_word' id='word_1_125' title='bbox 272 2589 305 2652; x_wconf 92' lang='lat' dir='ltr'>in</span> <span class='ocrx_word' id='word_1_126' title='bbox 341 2583 451 2650; x_wconf 90' lang='lat' dir='ltr'>classe</span> <span class='ocrx_word' id='word_1_127' title='bbox 497 2583 538 2656; x_wconf 76' lang='lat' dir='ltr'>ad</span> <span class='ocrx_word' id='word_1_128' title='bbox 577 2585 774 2680; x_wconf 75' lang='lat' dir='ltr'>suffragium</span> <span class='ocrx_word' id='word_1_129' title='bbox 809 2582 1067 2664; x_wconf 71' lang='lat' dir='ltr'><strong>admittebantur</strong></span> <span class='ocrx_word' id='word_1_130' title='bbox 1112 2583 1261 2666; x_wconf 67' lang='lat' dir='ltr'>urbanae</span> 
     </span>
     <span class='ocr_line' id='line_1_19' title="bbox 236 2699 1011 2796; baseline 0 -26"><span class='ocrx_word' id='word_1_131' title='bbox 236 2739 240 2748; x_wconf 55' lang='lat'>2</span> <span class='ocrx_word' id='word_1_132' title='bbox 270 2699 391 2796; x_wconf 75' lang='lat' dir='ltr'>tribus.</span> <span class='ocrx_word' id='word_1_133' title='bbox 1005 2723 1011 2734; x_wconf 51' lang='lat'>⁸</span> 
     </span>
    </p>

    <p class='ocr_par' dir='ltr' id='par_1_10' title="bbox 352 2812 1260 2904">
     <span class='ocr_line' id='line_1_20' title="bbox 352 2812 1260 2904; baseline 0.003 -23"><span class='ocrx_word' id='word_1_134' title='bbox 352 2819 544 2881; x_wconf 73' lang='lat' dir='ltr'><strong>lit-193.</strong></span> <span class='ocrx_word' id='word_1_135' title='bbox 601 2812 660 2879; x_wconf 86' lang='lat' dir='ltr'>De</span> <span class='ocrx_word' id='word_1_136' title='bbox 682 2817 800 2889; x_wconf 85' lang='lat' dir='ltr'>tertia,</span> <span class='ocrx_word' id='word_1_137' title='bbox 830 2820 965 2902; x_wconf 81' lang='lat' dir='ltr'>quarta,</span> <span class='ocrx_word' id='word_1_138' title='bbox 997 2821 1114 2904; x_wconf 88' lang='lat' dir='ltr'>quinta</span> <span class='ocrx_word' id='word_1_139' title='bbox 1146 2815 1260 2886; x_wconf 84' lang='lat' dir='ltr'>classe</span> 
     </span>
    </p>
   </div>
   <div class='ocr_carea' id='block_1_10' title="bbox 197 2929 1260 3940">
    <p class='ocr_par' dir='ltr' id='par_1_11' title="bbox 197 2929 1260 3940">
     <span class='ocr_line' id='line_1_21' title="bbox 269 2929 1258 3016; baseline -0.005 -16"><span class='ocrx_word' id='word_1_140' title='bbox 269 2931 386 3000; x_wconf 86' lang='lat' dir='ltr'>eadem</span> <span class='ocrx_word' id='word_1_141' title='bbox 408 2929 546 2996; x_wconf 85' lang='lat' dir='ltr'>dicenda</span> <span class='ocrx_word' id='word_1_142' title='bbox 566 2937 655 3013; x_wconf 88' lang='grc'><strong>0000,</strong></span> <span class='ocrx_word' id='word_1_143' title='bbox 679 2951 763 3016; x_wconf 89' lang='lat' dir='ltr'>qnae</span> <span class='ocrx_word' id='word_1_144' title='bbox 786 2929 826 2996; x_wconf 88' lang='lat' dir='ltr'>de</span> <span class='ocrx_word' id='word_1_145' title='bbox 848 2929 994 3006; x_wconf 80' lang='lat' dir='ltr'>secunda</span> <span class='ocrx_word' id='word_1_146' title='bbox 1008 2936 1258 3016; x_wconf 81' lang='lat' dir='ltr'>proposuimus.</span> 
     </span>
     <span class='ocr_line' id='line_1_22' title="bbox 267 3045 1260 3127; baseline 0 -15"><span class='ocrx_word' id='word_1_147' title='bbox 267 3046 320 3112; x_wconf 87' lang='lat' dir='ltr'>Ad</span> <span class='ocrx_word' id='word_1_148' title='bbox 344 3050 545 3110; x_wconf 75' lang='lat' dir='ltr'>cornicinum</span> <span class='ocrx_word' id='word_1_149' title='bbox 565 3065 644 3118; x_wconf 83' lang='lat' dir='ltr'>vero</span> <span class='ocrx_word' id='word_1_150' title='bbox 668 3053 702 3116; x_wconf 90' lang='lat' dir='ltr'>et</span> <span class='ocrx_word' id='word_1_151' title='bbox 723 3045 903 3127; x_wconf 88' lang='lat' dir='ltr'>liticinum,</span> <span class='ocrx_word' id='word_1_152' title='bbox 934 3067 1171 3124; x_wconf 84' lang='lat' dir='ltr'>accensorum,</span> <span class='ocrx_word' id='word_1_153' title='bbox 1202 3067 1260 3112; x_wconf 86' lang='lat' dir='ltr'>ve·</span> 
     </span>
     <span class='ocr_line' id='line_1_23' title="bbox 247 3157 1259 3248; baseline -0.002 -23"><span class='ocrx_word' id='word_1_154' title='bbox 247 3157 422 3243; x_wconf 81' lang='lat' dir='ltr'>lotorum,</span> <span class='ocrx_word' id='word_1_155' title='bbox 444 3160 699 3244; x_wconf 83' lang='lat' dir='ltr'>proletariorum</span> <span class='ocrx_word' id='word_1_156' title='bbox 724 3165 890 3243; x_wconf 77' lang='lat' dir='ltr'>centurias</span> <span class='ocrx_word' id='word_1_157' title='bbox 912 3161 1000 3248; x_wconf 89' lang='lat' dir='ltr'>quod</span> <span class='ocrx_word' id='word_1_158' title='bbox 1023 3167 1154 3244; x_wconf 75' lang='lat' dir='ltr'><strong>attinet,</strong></span> <span class='ocrx_word' id='word_1_159' title='bbox 1180 3182 1259 3226; x_wconf 71' lang='lat' dir='ltr'>con-</span> 
     </span>
     <span class='ocr_line' id='line_1_24' title="bbox 231 3273 1257 3372; baseline -0.002 -30"><span class='ocrx_word' id='word_1_160' title='bbox 231 3279 232 3286; x_wconf 73' lang='grc'>’</span> <span class='ocrx_word' id='word_1_161' title='bbox 267 3276 360 3342; x_wconf 79' lang='lat' dir='ltr'>seros</span> <span class='ocrx_word' id='word_1_162' title='bbox 382 3275 422 3342; x_wconf 89' lang='lat' dir='ltr'>de</span> <span class='ocrx_word' id='word_1_163' title='bbox 447 3280 601 3366; x_wconf 75' lang='lat' dir='ltr'>tignariis</span> <span class='ocrx_word' id='word_1_164' title='bbox 622 3273 790 3347; x_wconf 78' lang='lat' dir='ltr'>adnotata.</span> <span class='ocrx_word' id='word_1_165' title='bbox 832 3273 876 3340; x_wconf 86' lang='lat' dir='ltr'>Et</span> <span class='ocrx_word' id='word_1_166' title='bbox 904 3274 1035 3372; x_wconf 85' lang='lat' dir='ltr'>quidem</span> <span class='ocrx_word' id='word_1_167' title='bbox 1060 3285 1139 3364; x_wconf 90' lang='lat' dir='ltr'>post</span> <span class='ocrx_word' id='word_1_168' title='bbox 1161 3281 1257 3362; x_wconf 88' lang='lat' dir='ltr'><strong>quin·</strong></span> 
     </span>
     <span class='ocr_line' id='line_1_25' title="bbox 268 3387 1253 3484; baseline -0.001 -27"><span class='ocrx_word' id='word_1_169' title='bbox 268 3393 333 3457; x_wconf 82' lang='grc'><strong>0000</strong></span> <span class='ocrx_word' id='word_1_170' title='bbox 359 3387 506 3462; x_wconf 77' lang='lat' dir='ltr'>classem</span> <span class='ocrx_word' id='word_1_171' title='bbox 524 3396 697 3484; x_wconf 83' lang='lat' dir='ltr'>posuimus</span> <span class='ocrx_word' id='word_1_172' title='bbox 718 3390 781 3461; x_wconf 83' lang='lat' dir='ltr'>hos</span> <span class='ocrx_word' id='word_1_173' title='bbox 806 3411 940 3473; x_wconf 88' lang='lat' dir='ltr'>omues,</span> <span class='ocrx_word' id='word_1_174' title='bbox 977 3397 1055 3478; x_wconf 84' lang='lat' dir='ltr'>quia</span> <span class='ocrx_word' id='word_1_175' title='bbox 1073 3411 1100 3470; x_wconf 69' lang='lat' dir='ltr'>‚e</span> <span class='ocrx_word' id='word_1_176' title='bbox 1133 3392 1253 3468; x_wconf 67' lang='grc'><strong>00074]</strong></span> 
     </span>
     <span class='ocr_line' id='line_1_26' title="bbox 197 3483 1255 3596; baseline 0 -25"><span class='ocrx_word' id='word_1_177' title='bbox 197 3563 207 3590; x_wconf 79' lang='grc'><strong><em>,</em></strong></span> <span class='ocrx_word' id='word_1_178' title='bbox 268 3483 446 3596; x_wconf 65' lang='lat' dir='ltr'>capillati</span> <span class='ocrx_word' id='word_1_179' title='bbox 467 3505 606 3577; x_wconf 77' lang='lat' dir='ltr'>secundi</span> <span class='ocrx_word' id='word_1_180' title='bbox 629 3503 670 3574; x_wconf 88' lang='lat' dir='ltr'>de</span> <span class='ocrx_word' id='word_1_181' title='bbox 692 3525 762 3590; x_wconf 83' lang='lat' dir='ltr'>rep.</span> <span class='ocrx_word' id='word_1_182' title='bbox 785 3503 860 3576; x_wconf 88' lang='lat' dir='ltr'>libri</span> <span class='ocrx_word' id='word_1_183' title='bbox 883 3504 996 3591; x_wconf 81' lang='lat' dir='ltr'>colligi</span> <span class='ocrx_word' id='word_1_184' title='bbox 1019 3513 1144 3596; x_wconf 84' lang='lat' dir='ltr'>potest,</span> <span class='ocrx_word' id='word_1_185' title='bbox 1167 3511 1255 3572; x_wconf 89' lang='lat' dir='ltr'>iuter</span> 
     </span>
     <span class='ocr_line' id='line_1_27' title="bbox 266 3597 1255 3704; baseline 0 -18"><span class='ocrx_word' id='word_1_186' title='bbox 266 3621 403 3694; x_wconf 81' lang='lat' dir='ltr'>ultimas</span> <span class='ocrx_word' id='word_1_187' title='bbox 423 3605 539 3692; x_wconf 83' lang='lat' dir='ltr'>eorum</span> <span class='ocrx_word' id='word_1_188' title='bbox 564 3619 671 3690; x_wconf 83' lang='lat' dir='ltr'>fuisse</span> <span class='ocrx_word' id='word_1_189' title='bbox 702 3597 898 3704; x_wconf 50' lang='lat' dir='ltr'>centuriusss&#39;</span> <span class='ocrx_word' id='word_1_190' title='bbox 929 3620 1105 3689; x_wconf 82' lang='lat' dir='ltr'>Caeterum</span> <span class='ocrx_word' id='word_1_191' title='bbox 1134 3641 1255 3691; x_wconf 83' lang='lat' dir='ltr'>acceu-</span> 
     </span>
     <span class='ocr_line' id='line_1_28' title="bbox 272 3711 1255 3826; baseline -0.003 -24"><span class='ocrx_word' id='word_1_192' title='bbox 272 3758 349 3820; x_wconf 88' lang='grc'><strong>000,</strong></span> <span class='ocrx_word' id='word_1_193' title='bbox 369 3735 519 3820; x_wconf 84' lang='lat' dir='ltr'>velatos,</span> <span class='ocrx_word' id='word_1_194' title='bbox 543 3736 746 3826; x_wconf 80' lang='lat' dir='ltr'>proletarios</span> <span class='ocrx_word' id='word_1_195' title='bbox 768 3743 804 3801; x_wconf 92' lang='lat' dir='ltr'>ut</span> <span class='ocrx_word' id='word_1_196' title='bbox 824 3736 955 3802; x_wconf 86' lang='lat' dir='ltr'>vilioris</span> <span class='ocrx_word' id='word_1_197' title='bbox 978 3711 1175 3803; x_wconf 79' lang='lat' dir='ltr'>conditionis</span> <span class='ocrx_word' id='word_1_198' title='bbox 1197 3736 1255 3800; x_wconf 91' lang='lat' dir='ltr'>ho·</span> 
     </span>
     <span class='ocr_line' id='line_1_29' title="bbox 266 3849 1254 3940; baseline 0.006 -23"><span class='ocrx_word' id='word_1_199' title='bbox 266 3856 373 3920; x_wconf 88' lang='lat' dir='ltr'>mines</span> <span class='ocrx_word' id='word_1_200' title='bbox 403 3850 540 3926; x_wconf 84' lang='lat' dir='ltr'>urbanis</span> <span class='ocrx_word' id='word_1_201' title='bbox 571 3850 813 3940; x_wconf 80' lang='lat' dir='ltr'>adscripsimus</span> <span class='ocrx_word' id='word_1_202' title='bbox 850 3849 1025 3932; x_wconf 61' lang='lat' dir='ltr'>tribubus„</span> <span class='ocrx_word' id='word_1_203' title='bbox 1057 3849 1111 3919; x_wconf 87' lang='lat' dir='ltr'>De</span> <span class='ocrx_word' id='word_1_204' title='bbox 1133 3849 1254 3923; x_wconf 77' lang='lat' dir='ltr'>olunt</span> 
     </span>
    </p>
   </div>
   <div class='ocr_carea' id='block_1_11' title="bbox 271 4015 622 4032">
    <p class='ocr_par' dir='ltr' id='par_1_12' title="bbox 271 4015 622 4032">
     <span class='ocr_line' id='line_1_30' title="bbox 271 4015 622 4032; baseline 0 0"><span class='ocrx_word' id='word_1_205' title='bbox 271 4015 622 4032; x_wconf 56' lang='lat' dir='ltr'>m</span> 
     </span>
    </p>
   </div>
   <div class='ocr_carea' id='block_1_12' title="bbox 302 4099 593 4173">
    <p class='ocr_par' dir='ltr' id='par_1_13' title="bbox 302 4099 593 4173">
     <span class='ocr_line' id='line_1_31' title="bbox 302 4099 593 4173; baseline -0.021 -13"><span class='ocrx_word' id='word_1_206' title='bbox 302 4101 349 4168; x_wconf 74' lang='lat' dir='ltr'>il)</span> <span class='ocrx_word' id='word_1_207' title='bbox 370 4099 460 4173; x_wconf 81' lang='lat' dir='ltr'>Quin</span> <span class='ocrx_word' id='word_1_208' title='bbox 478 4099 593 4156; x_wconf 77' lang='lat' dir='ltr'>etiem.</span> 
     </span>
    </p>
   </div>
   <div class='ocr_carea' id='block_1_13' title="bbox 0 0 1408 4866">
    <p class='ocr_par' dir='ltr' id='par_1_14' title="bbox 0 0 1408 4866">
     <span class='ocr_line' id='line_1_32' title="bbox 0 0 1408 4866; baseline 0 3"><span class='ocrx_word' id='word_1_209' title='bbox 0 0 1408 4866; x_wconf 95' lang='lat' dir='ltr'> </span> 
     </span>
    </p>
   </div>
  </div>
 </body>
</html>
