2808 4866
161 689 293 762 qnoque
314 665 567 741 adnumeratum
592 664 713 734 iocum.
755 661 828 732 Hoc
860 667 988 735 ratione
1012 667 1157 754 collatis,

159 787 313 866 omnihus
336 791 485 849 veterum
509 785 706 866 scriptorum
730 779 772 846 de
795 799 899 846 censu
915 789 1037 848 mutatu
1062 785 1149 854 iocis

155 909 320 988 integram
342 899 414 964 fere
436 902 513 962 novi
532 895 656 960 ordinis
679 901 855 981 imaginem
871 896 1005 962 efficere
1025 919 1147 985 possu-

154 1041 240 1084 mus.
279 1017 386 1094 ssuem
409 1012 448 1076 ad
471 1012 569 1080 finem
593 1012 708 1096 effigie
732 1011 873 1100 quadam
897 1033 1014 1089 noram
1034 1011 1153 1088 centn.

117 1157 121 1168 ’
146 1108 277 1199 1ιίιιιιιιι
300 1106 575 1196 distributionem
588 1124 836 1212 expressimus,
870 1126 1003 1211 adjecta
1032 1131 1146 1207 tabula

153 1251 473 1336 omnescpnturits
508 1244 567 1327 p’er
597 1239 726 1310 classes
757 1252 791 1308 et
820 1242 926 1308 tribus
957 1242 1148 1329 descriptus¹
1173 1278 1177 1287 ‚
1258 1311 1261 1318 ,

154 1363 334 1431 exhibenti.
356 1357 442 1423 -set
470 1364 622 1443 quoniam
653 1364 744 1446 certa
773 1377 951 1423 secernere
974 1359 1014 1423 ab
1033 1365 1145 1424 inner-

151 1485 198 1553 tis
221 1497 350 1553 summo
368 1479 413 1552 ,iu
450 1473 740 1560 disquisitionibus
773 1473 950 1554 historicis
971 1484 1025 1539 est
1053 1481 1142 1559 usui,

152 1588 658 1680 duasproposuimustabuias,
683 1607 819 1673 quarum
835 1588 940 1660 altera
962 1589 1043 1664 nibil
1065 1613 1143 1656 cou-

149 1715 254 1788 tinet,
288 1713 364 1791 quin
397 1710 606 1789 antiquorum
626 1683 845 1787 ‘scriptorum'
870 1711 1068 1774 auctoritate
1097 1703 1155 1771 sit'

150 1824 339 1903 fir,matum
358 1820 464 1885 attera
486 1841 527 1884 ea
535 1840 680 1905 qnoque
700 1819 932 1904 amplectitur,
957 1841 1043 1907 quae
1066 1841 1147 1932 con-2

145 1923 286 2025 jectum
310 1941 464 2000 assecuti
483 1957 597 2000 sumus
612 1936 673 2012 68)

232 2053 377 2117 Primam
412 2057 530 2115 civium
568 2051 713 2114 classem
749 2071 791 2116 ex
828 2071 915 2116 novo
940 2043 1060 2118 ordine
1091 2056 1141 2120 ita

149 2189 231 2236 ease
254 2173 462 2249 institutam,
484 2166 582 2238 docet
604 2164 783 2248 Liviustl,
805 2173 872 2248 43),
895 2175 932 2232 ut
955 2167 1139 2253 duplicare·
1215 2243 1218 2254 ι
1243 2183 1246 2190 ’

144 2294 203 2352 tur
225 2273 368 2392 tribuum
386 2298 558 2346 'numerus
590 2268 750 2383 centuriis
775 2287 943 2346 seniorum
974 2291 1009 2347 et
1030 2281 1141 2367 junio-

147 2423 247 2484 rum,
281 2404 353 2468 i.e
384 2399 460 2462 ute
493 2395 721 2466 ditissimis⁶⁰i
708 2396 904 2481 icujuvas
930 2394 1140 2466 tribracivi·

145 2517 213 2592 bus
240 2515 340 2578 binae
370 2519 646 2622 componerentur
672 2518 857 2600 centuriae,
892 2514 999 2580 altera
1026 2518 1140 2579 senio·

146 2653 243 2714 rum,
279 2627 422 2702 altera
407 2634 588 2712 Juuiorum.
616 2625 714 2738 lude,
748 2627 824 2716 quid
855 2628 985 2693 consilii
1015 2627 1146 2693 habre„

145 2753 217 2822 rint
239 2749 463 2812 centuriarum
499 2724 757 2824 reformatores,
800 2741 996 2826 conjeceris.
1050 2741 1139 2808 Nam
1255 2819 1262 2834 ι

147 2883 249 2950 quum
266 2871 349 2945 ‘post
370 2858 556 2945 publicatas
585 2857 756 2927 duodecim
780 2857 962 2931 tabularum
985 2857 1082 2944 leges
1103 2865 1139 2924 et
1224 2882 1226 2888 ¹

146 2981 280 3065 patricii
298 2983 332 3039 at
352 2973 495 3038 clientes
521 2978 553 3036 in
577 2973 683 3036 tribua
703 2981 824 3038 essent
845 2979 985 3057 recepti,
1008 2973 1135 3055 ornnes,

148 3099 204 3180 qui
227 3098 261 3156 in
283 3095 426 3154 comitiis
449 3093 643 3153 centuriatis
668 3087 829 3174 suffragia
851 3087 1018 3178 ferebant,
1034 3088 1137 3152 tribu·'

145 3185 212 3272 bns
237 3214 331 3270 erant
352 3205 521 3296 adscripti.
565 3203 639 3268 Qua
666 3203 707 3266 de
736 3219 856 3267 caussa
879 3210 1067 3288 exoptatum
1089 3205 1136 3267 vi·

146 3321 301 3401 debatur,
324 3329 360 3383 ut
382 3324 600 3383 centuriarum
622 3323 763 3400 termini,
788 3327 941 3403 quantum
961 3318 1037 3384 fieri
1058 3337 1136 3402 pos·

148 3447 215 3518 set,
239 3457 311 3514 cum
332 3436 474 3499 tribuum
499 3434 619 3499 finibus
642 3413 869 3520 congruerent
919 3431 962 3498 tit
978 3433 1135 3518 'quoniam

146 3559 254 3648 prima
281 3545 405 3621 classis
436 3556 495 3636 tat,
522 3549 593 3614 ser'c
625 3550 813 3648 continebat
843 3547 878 3614 e't
905 3553 1073 3613 seniorum
1101 3554 1136 3614 et
1249 3595 1255 3602 -

141 3667 314 3754 juniorum
352 3671 541 3748 centurias,
575 3672 655 3756 quot
689 3674 806 3735 esseut
836 3665 962 3745 tribus,
998 3683 1073 3729 cum
1099 3667 1134 3727 in

145 3783 280 3860 niodum
301 3785 523 3868 centuriarum
545 3779 695 3874 ordinem
715 3787 883 3858 mutarunt
900 3797 1075 3877 censores,
1095 3783 1133 3874 ut

147 3941 524 3963 W

183 4035 231 4100 68]
252 4030 421 4091 Cb'tebulu
440 4034 471 4086 in
487 4034 540 4088 fine
559 4035 625 4094 dier.
719 4021 726 4032 x

183 4141 232 4209 69)
251 4138 271 4196 ἰ.
291 4139 453 4212 ο.ιιιιοριὶι
470 4139 616 4214 equitibus.
640 4135 643 4140 ’
690 4127 692 4134 ’
