2808 4866
1097 455 1194 512 08·

1140 545 1144 562 i

161 627 268 692 bitare
291 631 418 712 potuit,
442 626 504 692 sub
526 624 666 693 Veturia
681 620 852 710 juniorum
874 603 1005 714 primae
1025 627 1150 720 classis

163 749 344 808 centuriam
368 741 524 826 intelligi.
565 742 650 833 Nam
665 751 870 808 caeterarum
893 744 1053 810 classium
1074 767 1150 811 cen·
1248 745 1250 750 ’

161 852 382 924 turiae'inter
412 863 526 922 varies
549 857 746 925 distributae
774 867 870 944 erant
898 861 1022 943 tribus,
1057 861 1149 926 ideo·

161 995 226 1060 que
249 973 290 1036 ab
311 994 377 1038 una
397 973 622 1038 tribunonrm
637 974 734 1039 'ferre
757 978 821 1038 nou
844 976 1030 1060 potuerunt.
1074 977 1147 1042 Hae

159 1095 290 1154 ra'tionc
321 1110 418 1174 quum
453 1095 484 1154 in
516 1089 667 1153 omnibus
697 1094 840 1154 comitiis
871 1097 1067 1156 centuriatis
1095 1113 1148 1158 re·

159 1211 373 1269 nunciaretur
396 1209 632 1289 praerogativa
668 1190 730 1268 sub
754 1211 885 1269 nomine
917 1204 992 1289 ejus
1025 1208 1145 1293 tribus,

161 1319 199 1384 ed
217 1318 331 1405 'quem
356 1323 530 1403 pertinuit,
561 1324 715 1404 apposito
737 1321 907 1404 vocabulex
926 1323 1146 1402 ‚,seui0rum“

158 1413 213 1501 nel
236 1414 461 1518 „juniorum‘ss
483 1433 569 1497 haud
590 1432 831 1500 absurdamihi
863 1435 994 1502 videtur
1014 1447 1148 1504 senten-

99 1555 103 1560 '
159 1556 226 1632 tia,
263 1554 458 1615 assuevisse
489 1535 663 1642 paullatim
694 1549 916 1617 Romanorum
953 1560 1053 1618 eures
1083 1554 1145 1618 sub

159 1672 327 1732 seniorum
347 1664 583 1750 juniorumque
607 1671 769 1742 centuriis
792 1675 888 1732 notas
915 1667 993 1732 illas
1015 1675 1146 1755 primae

159 1782 284 1846 elassis
300 1787 476 1878 §centurius
497 1801 579 1864 prae
604 1787 749 1846 caeteris
771 1783 977 1868 intelligere.

242 1895 579 1962 Sed'haec‚diceudi
608 1901 692 1960 ratic
720 1903 750 1961 si
779 1903 880 1962 nimis
908 1899 1050 1964 obscura
1082 1899 1146 1966 tibi
1191 1969 1200 1982 ,
1239 1985 1249 2000 ,
1306 1921 1309 1936 ¹

157 2013 310 2094 videtur,
335 2034 439 2094 nunc,
468 2031 580 2078 veram
604 2018 823 2078 centuriarum
846 2023 1043 2079 mutatarum
1064 2021 1144 2080 ima·

159 2135 270 2218 gisem
293 2135 326 2193 in
349 2128 464 2192 tabule
496 2135 614 2191 nostre
637 2126 678 2190 ll.
693 2137 777 2193 ante
801 2131 917 2206 oculos
939 2131 1065 2196 habens
1082 2134 1143 2215 ⁹¹),

158 2267 201 2310 ue
228 2265 315 2329 opus
346 2244 477 2330 quidem
503 2221 581 2307 esse
614 2243 673 2307 illo
702 2243 989 2330 breviloquentiee
1020 2267 1145 2334 genere

159 2361 201 2426 au
224 2359 454 2446 explicandum
478 2358 565 2423 mvn
593 2358 721 2444 iocum,
760 2359 809 2440 (ι,
828 2368 895 2438 ra)
925 2337 1011 2426 iam
1045 2362 1145 2428 uuna
1230 2366 1234 2373 ¹

159 2485 195 2544 et
224 2483 299 2562 ipse
327 2473 440 2556 vides3
474 2473 647 2538 dummodo
682 2473 717 2539 id
751 2497 851 2541 unum
878 2481 986 2542 animo
1015 2486 1145 2560 teneas,

159 2597 345 2677 scripsisse
366 2589 496 2655 Livium
523 2589 726 2673 lectoribus,
759 2596 815 2678 qui
837 2614 920 2684 suae
954 2586 1075 2658 aetatis
1095 2598 1146 2658 iu·
1198 2577 1201 2584 ¹

160 2715 280 2774 stitute
300 2713 449 2777 nossent.
502 2693 614 2790 quue
635 2711 752 2802 negari
774 2727 840 2771 non
862 2729 985 2793 posse,
1001 2713 1047 2790 Δ6.
1068 2715 1103 2790 6,
1126 2715 1143 2772 l

142 2821 473 2904 'demonstravimus
529 2821 638 2886 (tuam
667 2822 708 2886 cb
741 2843 895 2888 caussam
928 2829 984 2910 qui
1014 2823 1145 2888 Livium

161 2939 356 3024 intelligere
376 2937 508 3019 volunt,
533 2957 661 3002 summe
682 2957 749 3022 cpe
771 2943 832 3003 niti
856 2937 988 3020 debent,
1011 2946 1048 3008 ut
1070 2958 1144 3005 eam
1178 2986 1180 2990 .

113 3093 115 3098 ·
159 3055 226 3122 sibi
248 3061 441 3138 comparent
462 3050 664 3136 reipublicae
685 3025 831 3117 labantis
854 3060 1024 3137 notitiam,
1047 3074 1149 3140 quem

160 3150 306 3236 lectores
328 3169 415 3233 Livii
439 3168 599 3253 aequales
630 3168 716 3232 haud
740 3168 840 3235 dubie
860 3169 1036 3234 habebant.
1080 3169 1161 3256 lta·¹
1222 3257 1228 3264 ἡ

160 3307 225 3373 que
253 3285 293 3349 de
322 3289 563 3370 perspicuitate
590 3283 675 3348 Livii
705 3283 738 3366 I,
761 3292 799 3349 43
829 3289 860 3349 si
898 3289 951 3348 vis
978 3283 1144 3367 judicare,

161 3407 338 3486 imaginem
369 3405 589 3465 centuriarum
622 3407 822 3464 mutaturum
856 3404 888 3464 in
921 3399 1036 3484 tabule
1069 3419 1146 3467 nos·

159 3525 213 3590 tra
233 3493 277 3581 li.
301 3517 467 3612 depictam
489 3523 555 3587 tam
588 3493 756 3600 promtam
769 3515 895 3610 habeas
917 3535 1058 3604 necesse
1079 3519 1146 3595 est,

160 3655 200 3700 ec
222 3639 253 3700 si
275 3638 349 3720 ipse
372 3635 563 3708 sexcenties
586 3636 618 3694 in
641 3637 784 3699 comitiis
807 3635 1003 3698 centuriatis
1026 3629 1145 3694 suffra·

160 3754 254 3836 gium
275 3726 428 3814 tulisses.
485 3745 616 3824 Quodsi
647 3752 721 3834 quis
752 3752 931 3836 imaginem
957 3746 1050 3812 illem
1078 3753 1146 3810 tem

116 3953 118 3958 ’
159 3955 461 3972 n—-n—-o———n-ntnn

197 4107 244 4171 91)
266 4102 384 4156 Evolvcs
403 4103 532 4158 tabulam.
