2808 4866
1098 450 1153 516 01

160 637 312 699 centuria
333 635 393 708 „ni
412 634 483 712 quie
503 633 619 692 scivit“
643 629 797 709 Fesll'15)
819 629 915 697 locus
936 619 1152 720 exstatpquo

159 761 359 836 quamquam
384 747 425 812 od
449 747 601 813 Servium
625 745 772 812 Tullium
803 747 972 813 confertur
1002 737 1152 823 centoria

158 865 232 946 illa,
255 874 387 944 tomen,
420 884 518 949 quum
540 883 603 928 neo
625 863 743 928 Livius
773 884 835 936 nec
860 864 1045 950 Dionysius
1073 863 1149 948 ejus
1186 851 1200 872 ⁸

157 984 335 1044 centuriae
358 985 558 1044 mentionem
582 979 724 1062 laniant,
755 978 794 1042 ad
815 988 981 1045 mutatum·
1003 981 1151 1047 ordinem

156 1098 367 1181 pertinuisse
393 1094 534 1176 videtur.
582 1093 745 1158 Fortasse
772 1096 889 1160 Cicero
919 1096 960 1160 de
988 1096 1048 1163 illa
1074 1118 1151 1163 ceu·

156 1216 248 1276 turia
266 1212 399 1276 locutos
425 1219 479 1276 est
501 1216 532 1274 in
555 1210 685 1296 perdito
701 1216 830 1295 cepitis
852 1220 891 1290 22
909 1211 987 1276 fine.

240 1325 334 1391 llaec
357 1335 445 1402 sunt,
469 1337 555 1414 quae
579 1325 620 1390 de
640 1333 768 1391 mutato
788 1332 1011 1392 centuriarum
1033 1328 1149 1395 ordine
1185 1303 1188 1318 ³

33 1417 36 1500 f
154 1463 276 1509 eruere
299 1449 476 1528 potuerim.
517 1442 568 1508 Ac
589 1447 661 1508 nisi.
687 1447 797 1507 onmia
819 1463 871 1511 me
892 1443 1031 1527 fallunt,
1055 1454 1149 1530 quot·

154 1566 239 1646 quot
268 1563 477 1656 antiquorum
506 1547 708 1645 scriptorum
738 1557 779 1622 de
807 1563 1001 1624 centuriatis
1032 1571 1166 1645 poste·r

152 1676 279 1739 riorum
302 1682 485 1758 temporum
509 1681 652 1739 comitiis
676 1682 808 1739 exstent
825 1673 1055 1760 loci,'optime
1069 1699 1147 1742 con·

66 1773 72 1802 ‘
152 1795 293 1855 veniunt
325 1811 397 1854 cum
436 1789 660 1888 descriptione
694 1796 818 1854 nostra.
879 1790 916 1856 Si
943 1811 975 1855 r.
1002 1811 1029 1854 c.
1059 1792 1146 1877 opud

153 1910 354 1992 scriptorem
376 1893 523 1971 veterem
547 1907 655 1970 tribus
673 1880 821 1971 urbanus
839 1904 1023 1972 deteriores
1038 1907 1146 1974 luisse

151 2005 300 2087 rusticis
322 2021 469 2109 legeris,
500 2021 601 2087 facile
629 2019 746 2087 elicies
786 2035 938 2087 caussam
975 2042 994 2086 e
1019 1998 1145 2090 tabulis

152 2143 295 2204 nostrin.
325 2137 491 2202 “Primum
518 2143 605 2202 enim
640 2146 786 2202 extremo
822 2143 855 2202 in
889 2143 1010 2223 quavis
1031 2139 1175 2215 classe!

150 2245 455 2340 loco-suffragium
483 2253 610 2318 inibunt
649 2251 756 2318 tribus
790 2250 951 2320 orbonae.
1011 2254 1144 2322 Deinde

150 2371 270 2458 plores
292 2370 400 2434 tribus
423 2369 569 2434 urbanae
592 2387 688 2456 quom
710 2375 857 2434 rusticae
888 2350 1046 2436 adunam
1068 2392 1143 2458 per·

150 2485 518 2566 tinebant'centuriom.
563 2481 740 2553 Postremo
771 2483 803 2548 id
827 2482 912 2570 qnod
936 2506 954 2550 e
979 2486 1048 2551 Liv.
1069 2486 1143 2572 lx„

149 2601 190 2668 46
215 2601 418 2687 colligimus,
443 2600 546 2665 multo
570 2597 678 2684 major
699 2597 905 2686 singulorum
928 2603 1047 2667 civium
1071 2611 1144 2694 erat

149 2693 311 2809 numerus
341 2721 372 2780 in
405 2714 493 2782 tribu
519 2717 646 2782 urbana
684 2733 781 2802 quum
811 2720 843 2783 in
874 2721 1019 2801 rustico,
1055 2718 1143 2784 unde

150 2835 281 2910 evenit,
313 2841 351 2896 ut
371 2839 509 2898 minoris
534 2837 691 2898 momenti
715 2813 832 2895 essent
855 2827 1061 2918 singulorum
1097 2839 1143 2904 cl·

146 2955 237 3016 vium
260 2947 458 3013 urbanorum
479 2951 651 3033 suffragia.
694 2945 831 3032 Easque
863 2948 904 3037 olr
929 2933 1068 3014 caussas
1090 2970 1142 3015 re·

110 3041 113 3048 ’
148 3085 233 3131 vera
256 3064 418 3149 dignitate
444 3065 717 3144 removebantur,
755 3062 810 3148 qul
836 3069 1013 3128 ernstius
1035 3069 1065 3128 in
1087 3086 1141 3130 ur·
1172 3049 1174 3054 ¹

147 3179 257 3245 banos
299 3167 599 3265 transponerentur
635 3177 755 3243 trihus.
813 3175 918 3264 quue
955 3181 1139 3251 remedium

148 3304 221 3360 erat
243 3293 329 3380 apud
354 3293 543 3377 Romanos,
565 3283 763 3358 ne'nimior'n
794 3293 947 3383 valerent
975 3301 1008 3361 in
1040 3302 1139 3362 comi·

148 3415 209 3475 tiis
229 3411 362 3476 infimae
395 3411 594 3477 conditionis
627 3409 801 3492 homines,
830 3416 886 3498 qui
917 3403 1138 3479 illiberalilius

152 3597 524 3618 v———hss—-fl

182 3703 228 3774 75)
249 3675 379 3777 niquis
408 3705 535 3775 scivit,
557 3675 724 3760 centurio
748 3713 801 3758 eet
826 3701 991 3757 eser-nio
1011 3696 1135 3759 Tullio

253 3827 337 3888 rege
362 3809 580 3878 constitute,
607 3811 641 3863 im
672 3825 738 3884 qne
769 3809 909 3874 liceret
940 3809 971 3861 ei
1002 3807 1138 3868 coffrae

161 3888 164 3893 Ι
251 3915 339 3992 glum
358 3913 471 3984 ferre,
497 3917 556 3989 qui
581 3934 646 3971 non
665 3915 814 3994 tulisset
838 3914 871 3967 in
890 3928 968 3979 cuo,
992 3929 1032 3964 ne
1053 3916 1132 3987 quic

254 4023 344 4076 cinit
362 4021 535 4096 suffragii
554 4023 634 4090 jure
653 4021 879 4093 privaretur.
914 4019 1017 4072 Locum
1036 4038 1068 4073 ex
1086 4020 1133 4075 cd·

195 4124 197 4128 ’
252 4139 308 4182 not.
328 4130 361 4182 Δ.
384 4129 453 4198 niuji
470 4127 507 4184 ed
524 4127 580 4182 Cic.
598 4146 663 4200 rep.¹
680 4125 724 4196 ll,
742 4131 778 4185 22
794 4125 980 4182 deoumrimur.
1004 4113 1008 4124 ’
1090 4138 1092 4148 ·
