2808 4866
131 679 226 771 Rege
254 687 383 772 mortuo
410 703 540 750 summa
565 687 598 750 io
615 683 804 771 'republica
824 689 989 770 potestas
1006 675 1121 771 penes*
1158 669 1166 682 ’
1196 753 1207 775 x

130 796 243 864 decem
266 805 398 886 primos.
421 807 601 866 senatores
623 810 713 884 erat,
747 805 803 887 qui
832 821 952 866 nomeu
974 805 1114 866 interre-

128 927 205 999 gum
227 913 393 1000 gerebant
423 924 457 981 et
487 915 692 982 alternantes
723 937 784 1002 per
812 920 933 1002 qairrus
969 920 1113 1002 quisque

127 1027 202 1094 dies
232 1029 471 1115 rempublicam
504 1029 743 1117 gubernabant.
792 1029 988 1117 interreges
1013 1049 1113 1116 quum

127 1141 173 1209 de'
206 1161 294 1210 uovc
328 1164 413 1232 rege
451 1145 596 1212 creando
618 1151 867 1223 convenissent
907 1154 1112 1232 senatusque
1173 1120 1175 1132 Ι

126 1265 312 1326 sententiae
325 1279 447 1326 eorum
470 1253 565 1328 esset
586 1278 760 1336 assensus,
780 1269 850 1344 tum
871 1265 915 1342 is,
937 1259 1034 1345 cujus
1052 1259 1119 1327 ille·
1159 1325 1161 1328 .

126 1372 199 1441 dies
219 1381 313 1458 erat,
336 1379 484 1442 interrex
504 1375 545 1442 ad
563 1382 673 1444 curias
695 1375 870 1442 deferebat
883 1389 1015 1455 puerum
1031 1399 1112 1438 auc-

124 1497 288 1552 toritatem
301 1491 347 1573 ¹),
370 1496 552 1580 curiaeque
576 1497 651 1558 novi
672 1497 766 1580 regis
781 1490 979 1558 electionem
1001 1497 1112 1556 ratam

124 1605 304 1672 iaciebant.
348 1587 520 1674 Curiorum
551 1612 697 1674 comitiis
726 1607 889 1694 suffragia
916 1605 1111 1678 ferebantur

123 1741 185 1788 uon
210 1725 344 1803 viritim,
367 1720 427 1812 sed
450 1709 631 1807 secundum
653 1728 782 1807 curias,
820 1728 857 1787 ut
875 1720 1025 1808 singula
1051 1725 1119 1787 tri·¹

123 1842 216 1925 ginta
240 1841 341 1902 curiis
362 1846 482 1904 essent
501 1839 674 1921 suffragia.
713 1837 750 1903 lu
784 1841 901 1923 quavis
922 1842 1118 1906 cutem-cue

124 1957 177 2018 rie
207 1947 469 2022 numerabantur
493 1935 643 2041 gentium
671 1954 850 2042 suffragia,
885 1957 917 2017 iu
950 1945 1112 2038 gentibus
1217 1961 1223 1984 ²
1299 1983 1301 1990 ·

122 2065 269 2155 denique
289 2067 416 2153 singuli
441 2072 544 2134 civ.ee
587 2065 681 2134 ilaec
702 2077 798 2135 eruut
819 2072 950 2130 comicia
969 2073 1114 2143 caricem

122 2203 216 2284 quae
232 2203 252 2250 e
275 2182 383 2248 tribus
411 2187 630 2254 comitiorum
638 2183 819 2280 generibus
834 2182 1112 2268 soleantiquiora

123 2305 221 2365 suut
216 2297 352 2369 Servio
387 2295 512 2363 Tullio.
568 2297 638 2365 Sed
675 2301 811 2364 comitia
846 2304 974 2364 curiata
1009 2319 1118 2384 quum
1234 2385 1237 2392 1

116 2417 248 2496 populi
246 2421 384 2480 tantum
413 2420 547 2495 esseut,
574 2411 695 2499 plebes
716 2418 874 2480 universa
903 2413 1110 2534 reipublicae

120 2528 290 2616 gerendae
306 2526 432 2595 nullam
449 2514 568 2594 babuit
590 2534 731 2614 partem.

200 2641 355 2729 Populus
391 2647 495 2730 igitur
528 2663 568 2710 ac
596 2642 694 2731 plebs
720 2651 922 2734 praecipuae
944 2649 1071 2714 eraut
1060 2667 1110 2712 ιιι·

121 2757 272 2826 colurum
294 2749 516 2830 Romanorum
541 2769 669 2847 partes.
710 2747 779 2828 Sed
806 2783 871 2828 nou
896 2765 1110 2850 praetermit·
1164 2825 1168 2832 .

119 2872 257 2941 tendum
281 2880 337 2939 cst
356 2879 490 2942 tertium
512 2875 674 2964 quoddam
695 2875 860 2972 bominum
878 2899 998 2967 genus,
1022 2873 1111 2962 quod
1198 2924 1202 2931 .

120 3010 231 3077 neque
262 2992 354 3074 iuter
389 2988 544 3076 piebejos
577 2985 783 3065 nrrmeratum
819 2993 972 3060 homiues
1000 3002 1109 3077 usque
1159 2965 1165 2980 ”
1201 2969 1210 3074 ,’

121 3108 211 3173 inter
240 3112 357 3191 putres
385 3105 560 3180 Clienttnmp
592 3106 733 3194 gerebat
770 3127 900 3173 nomeu.
959 3107 1109 3173 Clientes

121 3226 210 3288 enim
246 3220 332 3287 bene
354 3219 591 3307 distinguendi
616 3228 694 3288 sunt
722 3220 921 3309 aplebst).
961 3222 1047 3314 Nam
1068 3218 1109 3286 li·

121 3361 492 3379 m

174 3421 215 3500 1)Ι
224 3419 300 3477 ilaec
327 3420 448 3476 desumta
473 3436 535 3478 sunt
558 3443 573 3480 e
598 3424 714 3480 Walteri
736 3423 795 3483 1..-i
821 3423 856 3494 (1.
880 3443 908 3496 p.
928 3425 1002 3508 255),
1029 3439 1109 3498 quem

232 3531 310 3600 juxta
329 3526 509 3584 Niebuhrium
532 3531 644 3589 marinus
670 3532 757 3586 secuti
784 3547 873 3586 sumus
892 3531 921 3584 in
944 3531 995 3584 hac
1020 3529 1109 3600 prima
1158 3601 1160 3614 Ι

228 3633 426 3690 dissertationis
446 3648 555 3694 nostrae
573 3649 661 3724 parte

176 3747 208 3812 2)
227 3741 301 3797 Nota
319 3738 437 3810 quidem
445 3758 500 3810 res,
517 3741 565 3795 ssd
583 3743 639 3795 nibi
643 3739 758 3796 lominus
783 3721 909 3810 adjiciam
927 3741 959 3795 Τ.
979 3741 1046 3794 etv·
1012 3759 1047 3794 vn
1068 3697 1115 3794 lo·¹

229 3863 300 3912 cum,
316 3863 331 3898 a
349 3861 404 3916 quo
422 3845 513 3899 homin
486 3865 559 3900 ιιιιιιιι
577 3845 748 3920 plebeiorum
766 3859 792 3900 et
811 3846 948 3901 clientium
966 3843 1109 3898 discrimen

201 3953 207 3962 “
230 3943 331 4024 optimc
355 3947 527 4021 intelligitur.
565 3951 679 4020 (Volero
699 3949 847 4018 Publilius)
868 3983 902 3998 -ι-
921 3982 955 3996 «-
972 3979 1010 3996 -
1027 3927 1112 4021 rogas

231 4058 332 4112 tionem
349 4055 413 4110 tulit
431 4055 468 4109 ad
484 4057 616 4129 populum
635 4070 666 4111 ut
680 4055 783 4130 plebeii
808 4058 980 4130 magistratus
998 4054 1109 4108 tributis

232 4158 348 4232 consitiis
376 4159 486 4217 fierent..
532 4164 614 4220 Haud
645 4179 731 4236 parus
763 4179 808 4218 ras
834 4141 891 4219 sub
916 4161 997 4218 titulo
1022 4160 1110 4232 prium
