2808 4866
229 651 232 660 ·
290 612 403 696 eapite
424 627 463 674 ee
483 607 636 675 fortunas
657 613 829 677 committi.
857 612 1012 698 proinde,
1046 619 1077 680 si
1104 615 1284 702 videretur,

285 721 329 792 ¹et
350 725 462 790 redire
491 729 523 789 in
547 725 745 811 suffragium
764 726 935 792 Veturium
949 736 1121 806 juniorum
1137 731 1287 816 juberet,

288 846 555 908 etuneminisset
591 845 624 904 in
655 840 849 907 oonsulibus
886 845 1040 911 creandis
1068 847 1167 931 belli,
1199 849 1288 935 quod

291 963 324 1024 iu
350 956 448 1042 ltalia
470 962 516 1021 sit
537 965 794 1044 temporumque
815 958 1031 1042 reipublicae.
1070 963 1210 1028 Vixdum
1233 986 1288 1031 re·
1349 1043 1352 1050 ¹

292 1079 428 1160 quiesse
460 1091 558 1136 nores
586 1091 607 1136 a
641 1076 785 1158 strepitu
814 1083 849 1136 et
878 1071 1023 1140 tumultu
1052 1077 1187 1154 hostili,
1221 1101 1287 1166 que

289 1199 418 1277 paucos
440 1196 515 1252 aute
542 1207 679 1252 meuses
711 1189 902 1256 assederint
924 1212 1029 1278 prope
1060 1200 1191 1266 moenia
1218 1195 1287 1260 Ro·

286 1326 399 1375 manu,
423 1277 507 1368 idest
530 1304 614 1368 liaeo
637 1323 707 1366 oum
731 1311 881 1370 centuria
897 1305 1056 1392 frequens
1080 1310 1287 1377 succlamas-

286 1431 364 1502 set,
387 1419 468 1484 nilril
490 1438 529 1482 se
552 1426 678 1483 mutare
700 1425 914 1504 sententiae,
937 1422 1140 1510 eosdemque
1163 1446 1285 1508 onusuq

288 1538 343 1604 les
365 1535 511 1602 dicturos
540 1554 635 1618 esse3
665 1542 734 1600 turn
756 1535 960 1621 Torquatus,
988 1537 1108 1624 Neque
1136 1561 1200 1627 ego
1223 1563 1284 1607 ve·

287 1662 397 1734 stros,
429 1655 552 1736 inquit,
582 1669 692 1744 piures
720 1650 837 1716 consol
867 1651 957 1718 ferre
992 1663 1128 1738 potero,
1168 1655 1281 1742 neque

287 1790 350 1837 vos
371 1771 542 1852 imperium
564 1787 682 1830 meum.
725 1765 846 1832 Redite
874 1772 907 1834 iu
934 1769 1143 1855 suffragium,
1166 1780 1201 1836 et
1224 1793 1283 1836 co·

286 1892 394 1973 gitate
415 1881 538 1946 bellom
561 1881 719 1948 Punicum
742 1888 775 1946 iu
797 1881 914 1966 ltalia,
937 1893 971 1950 et
992 1886 1138 1952 hostiurn
1159 1886 1281 1954 docem

287 1998 509 2066 Hannibalern
547 2018 638 2066 esse.
679 1998 762 2063 Tum
798 2004 969 2082 ceruturia,
1001 2008 1036 2066 et
1079 2007 1280 2070 auctoritate
1343 2071 1347 2078 ,

285 2101 481 2196 πιοῐείνίτί,
517 2121 551 2179 et
589 2113 817 2178 admirantium
847 2111 1111 2200 concessionum,
1145 2123 1230 2202 petit
1256 2139 1279 2184 a

287 2232 444 2314 console,
480 2237 518 2294 ut
543 2228 718 2318 Veturiam
748 2234 906 2295 seniorum
928 2237 1076 2302 ritaret:
1113 2231 1209 2298 Velle
1235 2254 1276 2300 se

286 2371 358 2416 oum
385 2345 567 2430 majoribus
589 2335 667 2411 netu
688 2344 849 2432 colloqui,
876 2331 912 2413 ,et
934 2367 975 2412 ex
998 2353 1197 2414 auctoritate
1220 2369 1279 2414 eo·

256 2451 258 2458 ¹
285 2487 357 2532 rum
385 2459 542 2528 consoles
578 2460 701 2530 dicere.
745 2451 867 2528 'citatis
896 2462 1057 2530 Vetonina
1086 2467 1275 2550 senioribus,

286 2582 397 2648 datum
427 2584 558 2642 secreto
586 2582 618 2642 iu
642 2576 735 2642 Ovili
767 2598 838 2642 eum
870 2580 923 2644 his
951 2579 1165 2666 colloquendi
1190 2588 1275 2648 tem-

284 2717 359 2785 pus.
389 2699 529 2758 Senioreo
550 2689 590 2756 de
613 2691 719 2759 tribus
742 2693 978 2773 consulendum
1003 2693 1157 2762 dixerunt
1179 2715 1273 2781 esse,

284 2809 499 2894 duobusjam
522 2808 631 2893 plenis
653 2807 833 2892 honoiem,
864 2810 905 2878 a.
927 2809 1030 2876 Fabio
1054 2820 1089 2876 et
1110 2809 1157 2874 Μ.
1180 2810 1275 2876 Mar·

285 2927 392 3008 cello,
421 2934 472 3008 et,
496 2928 526 2990 si
546 2929 658 3009 utique
680 2945 797 2991 novum
827 2927 969 3010 aliquem
998 2923 1160 2991 aduersus
1182 2925 1271 2992 Poe·

283 3064 345 3112 uos
369 3041 538 3108 consulem
566 3035 674 3106 creari
702 3040 849 3123 vellent,
882 3041 930 3108 Μ.
957 3041 1127 3108 Valerium
1150 3040 1271 3108 Laevi·

281 3182 357 3226 uum
380 3163 517 3245 egregie
538 3155 699 3223 adversus
714 3156 903 3242 Philippum
925 3177 1038 3244 regem
1061 3155 1149 3224 terra
1171 3163 1269 3224 mori·

283 3296 427 3364 queres
448 3279 613 3360 gessisse.
643 3270 696 3338 iia
718 3272 759 3340 de
781 3273 888 3338 tribus
908 3273 1154 3348 consultatione
1177 3271 1267 3355 data,
1391 3279 1392 3294 ³

148 3415 154 3426 ·
270 3393 453 3462 senioribus
486 3387 656 3472 dimissis,
681 3395 831 3468 juniores
858 3390 1052 3475 suffragium
1075 3393 1200 3454 ineunt·
1218 3387 1267 3454 M.

282 3505 452 3574 Claudium
469 3503 681 3586 Marcellum,
704 3505 888 3592 fulgentem
909 3513 975 3570 tum
991 3503 1106 3570 Sicilia
1128 3503 1266 3588 domita,

281 3631 316 3690 et
338 3621 386 3686 Μ.
410 3620 577 3688 Valerium
601 3619 761 3685 absentes
783 3619 941 3686 eonsules
964 3617 1125 3685 dixerunt.
1151 3628 1265 3688 aucto·
1292 3703 1298 3716 ἢ

280 3737 412 3806 ritatem
429 3741 683 3822 praerogativae
704 3754 819 3804 omues
836 3740 1006 3802 centuriae
1021 3743 1158 3800 seeutoe
1175 3741 1265 3798 suut.

275 3853 425 3920 'Eludant
454 3873 539 3916 nono
557 3856 705 3936 ,antiqua
734 3856 903 3920 mirantes.
935 3871 1004 3914 non.
1028 3849 1199 3935 equidem,
1230 3853 1264 3916 si

280 3991 345 4058 qua
367 3975 413 4033 sit
433 3972 631 4052 sapientium
654 3972 795 4047 civitas,
817 3988 912 4053 quom
936 3965 1023 4032 docti
1044 3966 1172 4049 lingunt
1195 3985 1263 4031 mu·

280 4090 334 4176 gis
352 4103 447 4172 quam
480 4090 617 4167 norunt,
639 4090 708 4174 ⁸uot
738 4088 907 4170 principes
941 4085 1113 4168 graviores
1134 4086 1260 4165 tempe·
